@book{koller_friedman,
 author = {Koller, D. and Friedman, N.},
 title = {Probabilistic Graphical Models: Principles and Techniques},
 year = {2009},
 isbn = {0262013193, 9780262013192},
 publisher = {The MIT Press},
} 

@inproceedings{chebotar2019closing,
  title={Closing the sim-to-real loop: Adapting simulation randomization with real world experience},
  author={Chebotar, Yevgen and Handa, Ankur and Makoviychuk, Viktor and Macklin, Miles and Issac, Jan and Ratliff, Nathan and Fox, Dieter},
  booktitle={2019 International Conference on Robotics and Automation (ICRA)},
  pages={8973--8979},
  year={2019},
  organization={IEEE}
}

@article{tan2018sim,
  title={Sim-to-real: Learning agile locomotion for quadruped robots},
  author={Tan, Jie and Zhang, Tingnan and Coumans, Erwin and Iscen, Atil and Bai, Yunfei and Hafner, Danijar and Bohez, Steven and Vanhoucke, Vincent},
  journal={arXiv preprint arXiv:1804.10332},
  year={2018}
}

@inproceedings{sadeghi2016cad2rl,
  title={{CAD2RL}: Real single-image flight without a single real image},
  author={Sadeghi, Fereshteh and Levine, Sergey},
  booktitle={Robotics: Science and Systems},
  year={2017}
}

@inproceedings{gae,
title = {High-Dimensional Continuous Control Using Generalized Advantage Estimation},
author = {J. Schulman and P. Moritz and S. Levine and M. Jordan and P. Abbeel},
booktitle = {International Conference on Learning Representations (ICLR)},
year  = 2016
}

@misc{kumar_blog,
title = {Data-Driven Deep Reinforcement Learning},
author = {Aviral Kumar},
note = {{BAIR} Blog},
year = {2019},
howpublished  = {\url{https://bair.berkeley.edu/blog/2019/12/05/bear/}}
}

@article{levine2016end,
  title={End-to-end training of deep visuomotor policies},
  author={Levine, Sergey and Finn, Chelsea and Darrell, Trevor and Abbeel, Pieter},
  journal={The Journal of Machine Learning Research},
  volume={17},
  number={1},
  pages={1334--1373},
  year={2016},
  publisher={JMLR. org}
}

@inproceedings{levine2013guided,
  title={Guided policy search},
  author={Levine, Sergey and Koltun, Vladlen},
  booktitle={International Conference on Machine Learning},
  pages={1--9},
  year={2013}
}

@article{luo2019learning,
  title={Learning self-correctable policies and value functions from demonstrations with negative sampling},
  author={Luo, Yuping and Xu, Huazhe and Ma, Tengyu},
  journal={arXiv preprint arXiv:1907.05634},
  year={2019}
}

@article{silver2017mastering,
  title={Mastering the game of go without human knowledge},
  author={Silver, David and Schrittwieser, Julian and Simonyan, Karen and Antonoglou, Ioannis and Huang, Aja and Guez, Arthur and Hubert, Thomas and Baker, Lucas and Lai, Matthew and Bolton, Adrian and others},
  journal={Nature},
  volume={550},
  number={7676},
  pages={354--359},
  year={2017},
  publisher={Nature Publishing Group}
}

@inproceedings{kakade2002natural,
  title={A natural policy gradient},
  author={Kakade, Sham M},
  booktitle={Advances in neural information processing systems},
  pages={1531--1538},
  year={2002}
}

@article{mnih2013playing,
  title={Playing atari with deep reinforcement learning},
  author={Mnih, Volodymyr and Kavukcuoglu, Koray and Silver, David and Graves, Alex and Antonoglou, Ioannis and Wierstra, Daan and Riedmiller, Martin},
  journal={arXiv preprint arXiv:1312.5602},
  year={2013}
}

@inproceedings{sutton2000policy,
  title={Policy gradient methods for reinforcement learning with function approximation},
  author={Sutton, Richard S and McAllester, David A and Singh, Satinder P and Mansour, Yishay},
  booktitle={Advances in neural information processing systems},
  pages={1057--1063},
  year={2000}
}

@article{ernst2005tree,
  title={Tree-based batch mode reinforcement learning},
  author={Ernst, Damien and Geurts, Pierre and Wehenkel, Louis},
  journal={Journal of Machine Learning Research},
  volume={6},
  number={Apr},
  pages={503--556},
  year={2005}
}

@incollection{lange2012batch,
  title={Batch reinforcement learning},
  author={Lange, Sascha and Gabel, Thomas and Riedmiller, Martin},
  booktitle={Reinforcement learning},
  pages={45--73},
  year={2012},
  publisher={Springer}
}

@InProceedings{thomas,
  title = 	 {Bias in Natural Actor-Critic Algorithms},
  author = 	 {Philip Thomas},
  booktitle = 	 {International Conference on Machine Learning (ICML)},
  year = 	 {2014},
  month = 	 {22--24 Jun},
}

@inproceedings{toussaint06,
 author = {Toussaint, M. and Storkey, A.},
 title = {Probabilistic Inference for Solving Discrete and Continuous State Markov Decision Processes},
 booktitle = {International Conference on Machine Learning (ICML)},
 year = {2006},
} 

@INPROCEEDINGS{attias,
    author = {H. Attias},
    title = {Planning by Probabilistic Inference},
    booktitle = {Proceedings of the 9th International Workshop on Artificial Intelligence and Statistics},
    year = {2003}
}

@article{hafner2011reinforcement,
  title={Reinforcement learning in feedback control},
  author={Hafner, Roland and Riedmiller, Martin},
  journal={Machine learning},
  volume={84},
  number={1-2},
  pages={137--169},
  year={2011},
  publisher={Springer}
}

@article{tesauro1994td,
  title={{TD-Gammon}, a self-teaching backgammon program, achieves master-level play},
  author={Tesauro, Gerald},
  journal={Neural computation},
  volume={6},
  number={2},
  pages={215--219},
  year={1994},
  publisher={MIT Press}
}

@InProceedings{ebrl,
  title = 	 {Actor-Critic Reinforcement Learning with Energy-Based Policies},
  author = 	 {N. Heess and D. Silver and Y. W. Teh},
  booktitle = 	 {European Workshop on Reinforcement Learning (EWRL)},
  year = 	 {2013},
}

@inproceedings{ross2011reduction,
  title={A reduction of imitation learning and structured prediction to no-regret online learning},
  author={Ross, St{\'e}phane and Gordon, Geoffrey and Bagnell, Drew},
  booktitle={International Conference on Artificial Intelligence and Statistics (AISTATS)},
  pages={627--635},
  year={2011}
}

@inproceedings{ross2010efficient,
  title={Efficient reductions for imitation learning},
  author={Ross, St{\'e}phane and Bagnell, Drew},
  booktitle={International Conference on Artificial Intelligence and Statistics (AISTATS)},
  pages={661--668},
  year={2010}
}

@inproceedings{kakade2002approximately,
  title={Approximately optimal approximate reinforcement learning},
  author={Kakade, Sham and Langford, John},
  booktitle={International Conference on Machine Learning (ICML)},
  volume={2},
  year={2002}
}

@inproceedings{ep,
 author = {Minka, T. P.},
 title = {Expectation Propagation for Approximate Bayesian Inference},
 booktitle = {Uncertainty in Artificial Intelligence (UAI)},
 year = {2001},
}

@inproceedings{mpo,
title = {Maximum a Posteriori Policy Optimisation},
author = {A. Abdolmaleki and J. T. Springenberg and Y. Tassa and R. Munos and N. Heess and M. Riedmiller},
booktitle = {International Conference on Learning Representations (ICLR)},
year  = 2018
}

@article{williams,
 author = {Williams, R. J.},
 title = {Simple Statistical Gradient-Following Algorithms for Connectionist Reinforcement Learning},
 journal = {Machine Learning},
 issue_date = {May 1992},
 volume = {8},
 number = {3-4},
 month = may,
 year = {1992},
 pages = {229--256}
} 

@article{WilliamsPeng91,
  author = {Williams, R. J. and Peng, J.},
  journal = {Connection Science},
  number = 3,
  pages = {241-268},
  title = {Function optimization using connectionist reinforcement learning
	algorithms},
  volume = 3,
  year = 1991
}

@book{sb-irl-98,
 author = {Sutton, R. S. and Barto, A. G.},
 title = {Introduction to Reinforcement Learning},
 year = {1998},
 isbn = {0262193981},
 edition = {1st},
 publisher = {MIT Press},
 address = {Cambridge, MA, USA},
} 

@INPROCEEDINGS{suttonadp,
    author = {R. S. Sutton},
    title = {Integrated Architectures for Learning, Planning, and Reacting Based on Approximating Dynamic Programming},
    booktitle = {International Conference on Machine Learning (ICML)},
    year = {1990},
}

@inproceedings{pgq,
author = {O'Donoghue, B. and Munos, R. and Kavukcuoglu, K. and Mnih, V.},
year = {2017},
title = {PGQ: Combining policy gradient and Q-learning},
booktitle = {International Conference on Learning Representations (ICLR)}
}

@article{sallans,
 author = {Sallans, B. and Hinton, G. E.},
 title = {Reinforcement Learning with Factored States and Actions},
 journal = {Journal of Machine Learning Research},
 volume = {5},
 month = dec,
 year = {2004}
 },

@article{KLMSurvey,
    author = "L. P. Kaelbling and M. L. Littman and A. P. Moore",
    title = "Reinforcement Learning: A Survey",
    journal = "Journal of Artificial Intelligence Research",
    volume = "4",
    pages = "237-285",
    year = "1996",
url={http://people.csail.mit.edu/lpk/papers/rl-survey.ps}}

@inproceedings{todorov_kalman_duality, 
author={E. Todorov}, 
booktitle={Conference on Decision and Control (CDC)},
title={General duality between optimal control and estimation}, 
year={2008},
}

@inproceedings{covariant,
author = {J. A. Bagnell and J. Schneider},
title = {Covariant Policy Search},
booktitle = {International Joint Conference on Artifical Intelligence (IJCAI)},
year = {2003},
}

@InProceedings{reps,
  author =       "Peters, J. and  M{\"u}lling, K. and Alt{\"u}n, Y.",
  title =        "Relative Entropy Policy Search",
  booktitle =    "AAAI Conference on Artificial Intelligence (AAAI)",
  year =         "2010",
}

@inproceedings{mfgps,
title = {Learning Neural Network Policies with Guided Policy Search under Unknown Dynamics},
author = {Levine, S. and Abbeel, P.},
booktitle = {Neural Information Processing Systems (NIPS)},
year = {2014},
}

@inproceedings{lmdp_policy,
  author    = {E. Todorov},
  title     = {Policy gradients in linearly-solvable MDPs},
  booktitle = {Neural Information Processing Systems (NIPS)},
  year      = {2010},
}

@inproceedings{ldmp_irl,
 author = {Dvijotham, K. and Todorov, E.},
 title = {Inverse Optimal Control with Linearly-solvable MDPs},
 booktitle = {International Conference on International Conference on Machine Learning (ICML)},
 year = {2010},
} 

@inproceedings{bear,
title = {Stabilizing Off-Policy Q-Learning via Bootstrapping Error Reduction},
author = {Kumar, Aviral and Fu, Justin and Soh, Matthew and Tucker, George and Levine, Sergey},
booktitle = {Neural Information Processing Systems (NeurIPS)},
year = {2019}
}

@article{lerer2016learning,
  title={Learning physical intuition of block towers by example},
  author={Lerer, Adam and Gross, Sam and Fergus, Rob},
  journal={arXiv preprint arXiv:1603.01312},
  year={2016}
}

@article{ebert2018visual,
  title={Visual foresight: Model-based deep reinforcement learning for vision-based robotic control},
  author={Ebert, Frederik and Finn, Chelsea and Dasari, Sudeep and Xie, Annie and Lee, Alex and Levine, Sergey},
  journal={arXiv preprint arXiv:1812.00568},
  year={2018}
}

@inproceedings{finn2017deep,
  title={Deep visual foresight for planning robot motion},
  author={Finn, Chelsea and Levine, Sergey},
  booktitle={2017 IEEE International Conference on Robotics and Automation (ICRA)},
  pages={2786--2793},
  year={2017},
  organization={IEEE}
}

@inproceedings{battaglia2016interaction,
  title={Interaction networks for learning about objects, relations and physics},
  author={Battaglia, Peter and Pascanu, Razvan and Lai, Matthew and Rezende, Danilo Jimenez and others},
  booktitle={Advances in neural information processing systems},
  pages={4502--4510},
  year={2016}
}

@inproceedings{sagawa2019distributionally,
  title={Distributionally Robust Neural Networks},
  author={Sagawa, Shiori and Koh, Pang Wei and Hashimoto, Tatsunori B and Liang, Percy},
  booktitle={International Conference on Learning Representations},
  year={2019}
}

@article{arjovsky2019invariant,
  title={Invariant risk minimization},
  author={Arjovsky, Martin and Bottou, L{\'e}on and Gulrajani, Ishaan and Lopez-Paz, David},
  journal={arXiv preprint arXiv:1907.02893},
  year={2019}
}

@article{sinha2017certifying,
  title={Certifying some distributional robustness with principled adversarial training},
  author={Sinha, Aman and Namkoong, Hongseok and Duchi, John},
  journal={arXiv preprint arXiv:1710.10571},
  year={2017}
}

@inproceedings{kingma2014semi,
  title={Semi-supervised learning with deep generative models},
  author={Kingma, Durk P and Mohamed, Shakir and Rezende, Danilo Jimenez and Welling, Max},
  booktitle={Advances in neural information processing systems},
  pages={3581--3589},
  year={2014}
}

@inproceedings{kendall2017uncertainties,
  title={What uncertainties do we need in bayesian deep learning for computer vision?},
  author={Kendall, Alex and Gal, Yarin},
  booktitle={Advances in neural information processing systems},
  pages={5574--5584},
  year={2017}
}

@inproceedings{gal2016dropout,
  title={Dropout as a bayesian approximation: Representing model uncertainty in deep learning},
  author={Gal, Yarin and Ghahramani, Zoubin},
  booktitle={international conference on machine learning},
  pages={1050--1059},
  year={2016}
}

@article{scholkopf2019causality,
  title={Causality for Machine Learning},
  author={Sch{\"o}lkopf, Bernhard},
  journal={arXiv preprint arXiv:1911.10500},
  year={2019}
}

@article{lecun2015deep,
  title={Deep learning},
  author={LeCun, Yann and Bengio, Yoshua and Hinton, Geoffrey},
  journal={nature},
  volume={521},
  number={7553},
  pages={436--444},
  year={2015},
  publisher={Nature Publishing Group}
}

@article{van2018deep,
  title={Deep reinforcement learning and the deadly triad},
  author={Van Hasselt, Hado and Doron, Yotam and Strub, Florian and Hessel, Matteo and Sonnerat, Nicolas and Modayil, Joseph},
  journal={arXiv preprint arXiv:1812.02648},
  year={2018}
}

@inproceedings{pi2,
  title = {Learning Policy Improvements with Path Integrals},
  author = {Theodorou, E. A. and Buchli, J. and Schaal, S.},
  booktitle = {International Conference on  Artificial Intelligence and Statistics (AISTATS 2010)},
  year = {2010},
}

@InProceedings{trpo,
  title = 	 {Trust Region Policy Optimization},
  author = 	 {J. Schulman and S. Levine and P. Moritz and M. I. Jordan and P. Abbeel},
  booktitle = 	 {International Conference on Machine Learning (ICML)},
  year = 	 {2015},
}

@phdthesis{levine_thesis,
author = {Levine, S.},
title = {Motor skill learning with local trajectory methods},
school = {Stanford University},
year = {2014},
}

@phdthesis{ziebart_thesis,
author = {Ziebart, B.},
title = {Modeling purposeful adaptive behavior with the principle of maximum causal entropy},
school = {Carnegie Mellon University},
year = {2010},
}

@article{kappen_oc,
  author    = {H. J. Kappen},
  title     = {Optimal control theory and the linear bellman equation},
  journal   = {Inference and Learning in Dynamic Models},
  year      = {2011},
  pages     = {363-387},
}

@inproceedings{heess2015learning,
  title={Learning continuous control policies by stochastic value gradients},
  author={Heess, Nicolas and Wayne, Gregory and Silver, David and Lillicrap, Timothy and Erez, Tom and Tassa, Yuval},
  booktitle={Advances in Neural Information Processing Systems},
  pages={2944--2952},
  year={2015}
}

@inproceedings{haarnoja2017reinforcement,
  title={Reinforcement learning with deep energy-based policies},
  author={Haarnoja, Tuomas and Tang, Haoran and Abbeel, Pieter and Levine, Sergey},
  booktitle={Proceedings of the 34th International Conference on Machine Learning-Volume 70},
  pages={1352--1361},
  year={2017},
  organization={JMLR. org}
}

@article{kappen_pgm,
  author    = {H. J. Kappen and
               V. G{\'o}mez and
               M. Opper},
  title     = {Optimal control as a graphical model inference problem},
  journal   = {Machine Learning},
  volume    = {87},
  number    = {2},
  year      = {2012},
  pages     = {159-182},
}

@inproceedings{rawlik_soc,
  author    = {K. Rawlik and
               M. Toussaint and
               S. Vijayakumar},
  title     = {On Stochastic Optimal Control and Reinforcement Learning
               by Approximate Inference},
  year = {2013},
  booktitle = {Robotics: Science and Systems (RSS)},
}

@inproceedings{toussaint_soc,
  author    = {M. Toussaint},
  title     = {Robot trajectory optimization using approximate inference},
  booktitle = {International Conference on Machine Learning (ICML)},
  year      = {2009},
}

@inproceedings{toussaint_pgm,
  title={Hierarchical POMDP Controller Optimization by Likelihood Maximization},
  author={Toussaint, M. and Charlin, L. and Poupart, P.},
  booktitle={Uncertainty in Artificial Intelligence (UAI)},
  volume={24},
  pages={562--570},
  year={2008}
}

@article{kalman_filter,
  author={R. Kalman},
  title={A new approach to linear filtering and prediction problems},
  journal={ASME Transactions journal of basic engineering},
  volume={82},
  number={1},
  pages={35-45},
  year={1960}
}

@inproceedings{konda2000actor,
  title={Actor-critic algorithms},
  author={Konda, Vijay R and Tsitsiklis, John N},
  booktitle={Advances in neural information processing systems},
  pages={1008--1014},
  year={2000}
}

@article{lin1992self,
  title={Self-improving reactive agents based on reinforcement learning, planning and teaching},
  author={Lin, Long-Ji},
  journal={Machine learning},
  volume={8},
  number={3-4},
  pages={293--321},
  year={1992},
  publisher={Springer}
}

@article{watkins1992q,
  title={Q-learning},
  author={Watkins, Christopher JCH and Dayan, Peter},
  journal={Machine learning},
  volume={8},
  number={3-4},
  pages={279--292},
  year={1992},
  publisher={Springer}
}

@inproceedings{todorov_lmdp,
  author    = {E. Todorov},
  title     = {Linearly-solvable Markov decision problems},
  booktitle = {Advances in Neural Information Processing Systems (NIPS)},
  year      = {2006},
}

@inproceedings{rwr,
 author = {Peters, J. and Schaal, S.},
 title = {Reinforcement Learning by Reward-weighted Regression for Operational Space Control},
 booktitle = {International Conference on Machine Learning (ICML)},
 year = {2007},
} 


@inproceedings{neumann,
  author    = {G. Neumann},
  title     = {Variational Inference for Policy Search in changing situations},
  booktitle = {International Conference on Machine Learning (ICML)},
  year      = {2011},
}

@inproceedings{levine_vgps,
  author    = {S. Levine and V. Koltun},
  title     = {Variational policy search via trajectory optimization},
  booktitle = {Advances in Neural Information Processing Systems (NIPS)},
  year      = {2013},
}

@inproceedings{em_policy_search,
  title = {Efficient Sample Reuse in EM-Based Policy Search},
  author = {Hachiya, H. and Peters, J. and Sugiyama, M.},
  booktitle = {European Conference on Machine Learning (ECML)},
  year = {2009},
}

@article{vmp,
    title={Variational message passing},
    author={Winn, J. and Bishop, C.},
    journal={Journal of Machine Learning Research},
    volume={6},
    year={2005},
    pages={661-694}
}

@inproceedings{haarnoja,
  title={Reinforcement Learning with Deep Energy-Based Policies},
  author={Haarnoja, T. and Tang, H. and Abbeel, P. and Levine, S.},
  booktitle={International Conference on Machine Learning (ICML)},
  year={2017}
}

@inproceedings{sac,
title = {Soft Actor-Critic: Off-Policy Maximum Entropy Deep Reinforcement Learning with a Stochastic Actor},
author  = {T. Haarnoja and A. Zhou and P. Abbeel and S. Levine},
year  = {2018},
booktitle = {arXiv},
URL = {https://arxiv.org/pdf/1801.01290.pdf}
}

@inproceedings{d4rl,
title = {D4RL: Datasets for Deep Data-Driven Reinforcement Learning},
author  = {J. Fu and A. Kumar and O. Nachum and G. Tucker and S. Levine},
year  = {2020},
booktitle = {arXiv},
URL = {https://arxiv.org/pdf/2004.07219}
}

@inproceedings{pcl,
title = {Bridging the Gap Between Value and Policy Based Reinforcement Learning},
author  = {O. Nachum and M. Norouzi and K. Xu and D. Schuurmans},
year  = {2017},
booktitle = {arXiv},
URL = {https://arxiv.org/pdf/1702.08892.pdf}
}

@inproceedings{gps,
 author = {Levine, S. and Koltun, V.},
 title = {Guided Policy Search},
 booktitle = {International Conference on International Conference on Machine Learning (ICML)},
 year = {2013},
} 

@inproceedings{maxentirl,
 author = {Ziebart, B. D. and Maas, A. and Bagnell, J. A. and Dey, A. K.},
 title = {Maximum Entropy Inverse Reinforcement Learning},
 booktitle = {International Conference on Artificial Intelligence (AAAI)},
 year = {2008},
} 

@inproceedings{haarnoja_composable,
author = {Haarnjoa, T. and Pong, V. and Zhou, A. and Dalal, M. and Abbeel, P. and Levine, S.},
title = {Composable Deep Reinforcement Learning for Robotic Manipulation},
booktitle = {International Conference on Robotics and Automation (ICRA)},
year = {2018},
}

@article{trust_pcl,
  author    = {O. Nachum and
               M. Norouzi and
               K. Xu and
               D. Schuurmans},
  title     = {Trust-PCL: An Off-Policy Trust Region Method for Continuous Control},
  journal   = {CoRR},
  volume    = {abs/1707.01891},
  year      = {2017},
}

@inproceedings{gpirl,
 author = {Levine, S. and Popovi\'{c}, Z. and Koltun, V.},
 title = {Nonlinear Inverse Reinforcement Learning with Gaussian Processes},
 booktitle = {Neural Information Processing Systems (NIPS)},
 year = {2011},
}

@inproceedings{localioc,
    author = {S. Levine and V. Koltun},
    title = {Continuous Inverse Optimal Control with Locally Optimal Examples},
    booktitle = {International Conference on Machine Learning (ICML)},
    year = {2012},
}

@inproceedings{legibility,
  author    = {A. D. Dragan and
               K. C. T. Lee and
               S. S. Srinivasa},
  title     = {Legibility and predictability of robot motion},
  booktitle = {International Conference on Human-Robot Interaction (HRI)},
  year      = {2013},
}

@inproceedings{maxentdeepirl,
author = {M. Wulfmeier and
P. Ondruska and
I. Posner},
title = {Maximum Entropy Deep Inverse Reinforcement Learning},
Booktitle = {Neural Information Processing Systems Conference, Deep Reinforcement Learning Workshop},
year = {2015},
}

@inproceedings{maxcausalent,
  author    = {B. D. Ziebart and
               J. A. Bagnell and
               A. K. Dey},
  title     = {Modeling Interaction via the Principle of Maximum Causal Entropy},
  booktitle = {International Conference on Machine Learning (ICML)},
  year      = {2010},
}

@inproceedings{kitani1,
  author    = {D. Huang and
               K. M. Kitani},
  title     = {Action-Reaction: Forecasting the Dynamics of Human Interaction},
  booktitle = {European Conference on Computer Vision (ECCV)},
  year      = {2014},
}

@inproceedings{kitani2,
  author    = {D. Huang and
               A. Farahmand and
               K. M. Kitani and
               J. A. Bagnell},
  title     = {Approximate {MaxEnt} Inverse Optimal Control and Its Application for
               Mental Simulation of Human Interactions},
  booktitle = {AAAI Conference on Artificial Intelligence (AAAI)},
  year      = {2015},
}

@article{realnvp,
title={Latent Space Policies for Hierarchical Reinforcement Learning},
author={T. Haarnoja and K. Hartikainen and P. Abbeel and S. Levine},
journal   = {CoRR},
volume    = {abs/1804.02808},
year      = {2018},
}

@inproceedings{Javdani, 
    AUTHOR    = {S. Javdani and S. Srinivasa and J. A. Bagnell}, 
    TITLE     = {Shared Autonomy via Hindsight Optimization}, 
    BOOKTITLE = {Robotics: Science and Systems (RSS)}, 
    YEAR      = {2015}, 
}

@inproceedings{airl,
title={Learning Robust Rewards with Adversarial Inverse Reinforcement Learning},
booktitle={International Conference on Learning Representations (ICLR)},
year={2018},
author={Fu, J. and Luo, K. and Levine, S.},
}

@inproceedings{hausman,
title={Learning an Embedding Space for Transferable Robot Skills},
author={K. Hausman and J. T. Springenberg and Z. Wang and N. Heess and M. Riedmiller},
booktitle={International Conference on Learning Representations (ICLR)},
year={2018},
}

@article{learning_to_explore,
  author    = {A. Gupta and
               R. Mendonca and
               Y. Liu and
               P. Abbeel and
               S. Levine},
  title     = {Meta-Reinforcement Learning of Structured Exploration Strategies},
  journal   = {CoRR},
  volume    = {abs/1802.07245},
  year      = {2018},
}

@article{endtoend,
 author = {Levine, S. and Finn, C. and Darrell, T. and Abbeel, P.},
 title = {End-to-end Training of Deep Visuomotor Policies},
 journal = {Journal of Machine Learning Research},
 issue_date = {January 2016},
 volume = {17},
 number = {1},
 month = jan,
 year = {2016},
} 

@inproceedings{cgps,
    author = {Sergey Levine and Vladlen Koltun},
    title = {Learning Complex Neural Network Policies with Trajectory Optimization},
    booktitle = {International Conference on Machine Learning (ICML)},
    year = {2014},
}
@inproceedings{schulman,
title = {Equivalence Between Policy Gradients and Soft Q-Learning},
author  = {J. Schulman and X. Chen and P. Abbeel},
year  = {2017},
booktitle = {arXiv},
URL = {https://arxiv.org/pdf/1704.06440}
}

@inproceedings{nvil,
  author    = {A. Mnih and
               K. Gregor},
  title     = {Neural Variational Inference and Learning in Belief Networks},
  booktitle = {International Conference on Machine Learning (ICML)},
  year      = {2014}
}

@inproceedings{gcl,
  author    = {Chelsea Finn and
               Sergey Levine and
               Pieter Abbeel},
  title     = {Guided Cost Learning: Deep Inverse Optimal Control via Policy Optimization},
    booktitle   = {International Conference on Machine Learning (ICML)},
  year      = {2016},
}

@inproceedings{gan,
title = {Generative Adversarial Nets},
author = {Goodfellow, I. and Pouget-Abadie, J. and Mirza, M. and Xu, B. and Warde-Farley, D. and Ozair, S. and Courville, A. and Bengio, Y.},
booktitle = {Neural Information Processing Systems (NIPS)},
year = {2014},
}

@inproceedings{gail,
title = {Generative Adversarial Imitation Learning},
author = {Ho, J. and Ermon, S.},
booktitle = {Neural Information Processing Systems (NIPS)},
year = {2016},
}

@article{finn_adversarial,
  author    = {Chelsea Finn and
               Paul Christiano and
               Pieter Abbeel and
               Sergey Levine},
  title     = {A Connection between Generative Adversarial Networks, Inverse Reinforcement
               Learning, and Energy-Based Models},
  journal   = {CoRR},
  volume    = {abs/1611.03852},
  year      = {2016},
}

@inproceedings{bornschein2016bidirectional,
  title={Bidirectional helmholtz machines},
  author={Bornschein, Jorg and Shabanian, Samira and Fischer, Asja and Bengio, Yoshua},
  booktitle={International Conference on Machine Learning},
  pages={2511--2519},
  year={2016}
}

@article{marino2018iterative,
  title={Iterative amortized inference},
  author={Marino, Joseph and Yue, Yisong and Mandt, Stephan},
  journal={arXiv preprint arXiv:1807.09356},
  year={2018}
}

@inproceedings{rasmus2015semi,
  title={Semi-supervised learning with ladder networks},
  author={Rasmus, Antti and Berglund, Mathias and Honkala, Mikko and Valpola, Harri and Raiko, Tapani},
  booktitle={Advances in neural information processing systems},
  pages={3546--3554},
  year={2015}
}

@inproceedings{sonderby2016ladder,
  title={Ladder variational autoencoders},
  author={S{\o}nderby, Casper Kaae and Raiko, Tapani and Maal{\o}e, Lars and S{\o}nderby, S{\o}ren Kaae and Winther, Ole},
  booktitle={Advances in neural information processing systems},
  pages={3738--3746},
  year={2016}
}

@inproceedings{zhao2017learning,
  title={Learning hierarchical features from deep generative models},
  author={Zhao, Shengjia and Song, Jiaming and Ermon, Stefano},
  booktitle={Proceedings of the 34th International Conference on Machine Learning-Volume 70},
  pages={4091--4099},
  year={2017},
  organization={JMLR. org}
}

@inproceedings{hsu2017unsupervised,
  title={Unsupervised learning of disentangled and interpretable representations from sequential data},
  author={Hsu, Wei-Ning and Zhang, Yu and Glass, James},
  booktitle={Advances in neural information processing systems},
  pages={1878--1889},
  year={2017}
}


@inproceedings{kalashnikov2018qtopt,
  title={Scalable Deep Reinforcement Learning for Vision-Based Robotic Manipulation},
  author={Kalashnikov, Dmitry and Irpan, Alex and Pastor, Peter and Ibarz, Julian and Herzog, Alexander and Jang, Eric and Quillen, Deirdre and Holly, Ethan and Kalakrishnan, Mrinal and Vanhoucke, Vincent and others},
  booktitle={Conference on Robot Learning},
  pages={651--673},
  year={2018}
}

@article{cabi2019framework,
  title={A Framework for Data-Driven Robotics},
  author={Cabi, Serkan and Colmenarejo, Sergio G{\'o}mez and Novikov, Alexander and Konyushkova, Ksenia and Reed, Scott and Jeong, Rae and {\.Z}o{\l}na, Konrad and Aytar, Yusuf and Budden, David and Vecerik, Mel and others},
  journal={arXiv preprint arXiv:1909.12200},
  year={2019}
}

 @article{Mo18AdobeIndoorNav,
        Author = {Kaichun Mo and Haoxiang Li and Zhe Lin and Joon-Young Lee},
        Title = {The AdobeIndoorNav Dataset: Towards Deep Reinforcement Learning based Real-world Indoor Robot Visual Navigation},
        Year = {2018},
        Eprint = {arXiv:1802.08824},
    }
    
@article{kandasamy2017batch,
  title={Batch policy gradient methods for improving neural conversation models},
  author={Kandasamy, Kirthevasan and Bachrach, Yoram and Tomioka, Ryota and Tarlow, Daniel and Carter, David},
  journal={arXiv preprint arXiv:1702.03334},
  year={2017}
}

@inproceedings{sun2018fast,
  title={A fast integrated planning and control framework for autonomous driving via imitation learning},
  author={Sun, Liting and Peng, Cheng and Zhan, Wei and Tomizuka, Masayoshi},
  booktitle={Dynamic Systems and Control Conference},
  volume={51913},
  pages={V003T37A012},
  year={2018},
  organization={American Society of Mechanical Engineers}
}

@article{zhou2017end,
  title={End-to-end offline goal-oriented dialog policy learning via policy gradient},
  author={Zhou, Li and Small, Kevin and Rokhlenko, Oleg and Elkan, Charles},
  journal={arXiv preprint arXiv:1712.02838},
  year={2017}
}

@article{pan2017agile,
  title={Agile autonomous driving using end-to-end deep imitation learning},
  author={Pan, Yunpeng and Cheng, Ching-An and Saigol, Kamil and Lee, Keuntaek and Yan, Xinyan and Theodorou, Evangelos and Boots, Byron},
  journal={arXiv preprint arXiv:1709.07174},
  year={2017}
}

@article{nie2019learning,
  title={Learning when-to-treat policies},
  author={Nie, Xinkun and Brunskill, Emma and Wager, Stefan},
  journal={arXiv preprint arXiv:1905.09751},
  year={2019}
}

@article{bojarski2016end,
  title={End to end learning for self-driving cars},
  author={Bojarski, Mariusz and Del Testa, Davide and Dworakowski, Daniel and Firner, Bernhard and Flepp, Beat and Goyal, Prasoon and Jackel, Lawrence D and Monfort, Mathew and Muller, Urs and Zhang, Jiakai and others},
  journal={arXiv preprint arXiv:1604.07316},
  year={2016}
}

@article{yu2018bdd100k,
  title={Bdd100k: A diverse driving video database with scalable annotation tooling},
  author={Yu, Fisher and Xian, Wenqi and Chen, Yingying and Liu, Fangchen and Liao, Mike and Madhavan, Vashisht and Darrell, Trevor},
  journal={arXiv preprint arXiv:1805.04687},
  year={2018}
}

@article{sallab2017deep,
  title={Deep reinforcement learning framework for autonomous driving},
  author={Sallab, Ahmad EL and Abdou, Mohammed and Perot, Etienne and Yogamani, Senthil},
  journal={Electronic Imaging},
  volume={2017},
  number={19},
  pages={70--76},
  year={2017},
  publisher={Society for Imaging Science and Technology}
}

@article{yurtsever2020survey,
  title={A survey of autonomous driving: Common practices and emerging technologies},
  author={Yurtsever, Ekim and Lambert, Jacob and Carballo, Alexander and Takeda, Kazuya},
  journal={IEEE Access},
  year={2020},
  publisher={IEEE}
}

@inproceedings{kendall2019learning,
  title={Learning to drive in a day},
  author={Kendall, Alex and Hawke, Jeffrey and Janz, David and Mazur, Przemyslaw and Reda, Daniele and Allen, John-Mark and Lam, Vinh-Dieu and Bewley, Alex and Shah, Amar},
  booktitle={2019 International Conference on Robotics and Automation (ICRA)},
  pages={8248--8254},
  year={2019},
  organization={IEEE}
}

@article{maddern2017robotcar,
  title={1 year, 1000 km: The Oxford RobotCar dataset},
  author={Maddern, Will and Pascoe, Geoffrey and Linegar, Chris and Newman, Paul},
  journal={The International Journal of Robotics Research},
  volume={36},
  number={1},
  pages={3--15},
  year={2017},
  publisher={SAGE Publications Sage UK: London, England}
}

@inproceedings{codevilla2018end,
  title={End-to-end driving via conditional imitation learning},
  author={Codevilla, Felipe and Miiller, Matthias and L{\'o}pez, Antonio and Koltun, Vladlen and Dosovitskiy, Alexey},
  booktitle={2018 IEEE International Conference on Robotics and Automation (ICRA)},
  pages={1--9},
  year={2018},
  organization={IEEE}
}

@inproceedings{tassa2012synthesis,
  title={Synthesis and stabilization of complex behaviors through online trajectory optimization},
  author={Tassa, Yuval and Erez, Tom and Todorov, Emanuel},
  booktitle={2012 IEEE/RSJ International Conference on Intelligent Robots and Systems},
  pages={4906--4913},
  year={2012},
  organization={IEEE}
}

@inproceedings{pets,
  title={Deep reinforcement learning in a handful of trials using probabilistic dynamics models},
  author={Chua, Kurtland and Calandra, Roberto and McAllister, Rowan and Levine, Sergey},
  booktitle={Advances in Neural Information Processing Systems},
  pages={4754--4765},
  year={2018}
}

@inproceedings{nagabandi2018neural,
  title={Neural network dynamics for model-based deep reinforcement learning with model-free fine-tuning},
  author={Nagabandi, Anusha and Kahn, Gregory and Fearing, Ronald S and Levine, Sergey},
  booktitle={2018 IEEE International Conference on Robotics and Automation (ICRA)},
  pages={7559--7566},
  year={2018},
  organization={IEEE}
}

@inproceedings{gu2017deep,
  title={Deep reinforcement learning for robotic manipulation with asynchronous off-policy updates},
  author={Gu, Shixiang and Holly, Ethan and Lillicrap, Timothy and Levine, Sergey},
  booktitle={2017 IEEE international conference on robotics and automation (ICRA)},
  pages={3389--3396},
  year={2017},
  organization={IEEE}
}

@article{pietquin2011sample,
  title={Sample-efficient batch reinforcement learning for dialogue management optimization},
  author={Pietquin, Olivier and Geist, Matthieu and Chandramohan, Senthilkumar and Frezza-Buet, Herv{\'e}},
  journal={ACM Transactions on Speech and Language Processing (TSLP)},
  volume={7},
  number={3},
  pages={1--21},
  year={2011},
  publisher={ACM New York, NY, USA}
}

@article{gottesman2019guidelines,
  title={Guidelines for reinforcement learning in healthcare},
  author={Gottesman, Omer and Johansson, Fredrik and Komorowski, Matthieu and Faisal, Aldo and Sontag, David and Doshi-Velez, Finale and Celi, Leo Anthony},
  journal={Nat Med},
  volume={25},
  number={1},
  pages={16--18},
  year={2019}
}

@inproceedings{swaminathan2015self,
  title={The self-normalized estimator for counterfactual learning},
  author={Swaminathan, Adith and Joachims, Thorsten},
  booktitle={advances in neural information processing systems},
  pages={3231--3239},
  year={2015}
}

@book{rockafellar1970convex,
  title={Convex analysis},
  author={Rockafellar, R Tyrrell},
  number={28},
  year={1970},
  publisher={Princeton university press}
}

@article{nachum2020reinforcement,
  title={Reinforcement Learning via Fenchel-Rockafellar Duality},
  author={Nachum, Ofir and Dai, Bo},
  journal={arXiv preprint arXiv:2001.01866},
  year={2020}
}

@inproceedings{nachum2019dualdice,
  title={Dualdice: Behavior-agnostic estimation of discounted stationary distribution corrections},
  author={Nachum, Ofir and Chow, Yinlam and Dai, Bo and Li, Lihong},
  booktitle={Advances in Neural Information Processing Systems},
  pages={2315--2325},
  year={2019}
}

@article{eysenbach2017leave,
  title={Leave no trace: Learning to reset for safe and autonomous reinforcement learning},
  author={Eysenbach, Benjamin and Gu, Shixiang and Ibarz, Julian and Levine, Sergey},
  journal={arXiv preprint arXiv:1711.06782},
  year={2017}
}

@article{levine2018reinforcement,
  title={Reinforcement learning and control as probabilistic inference: Tutorial and review},
  author={Levine, Sergey},
  journal={arXiv preprint arXiv:1805.00909},
  year={2018}
}

@inproceedings{osband2018randomized,
  title={Randomized prior functions for deep reinforcement learning},
  author={Osband, Ian and Aslanides, John and Cassirer, Albin},
  booktitle={Advances in Neural Information Processing Systems},
  pages={8617--8629},
  year={2018}
}

@article{agarwal2019optimistic,
  title={An Optimistic Perspective on Offline Reinforcement Learning},
  author={Agarwal, Rishabh and Schuurmans, Dale and Norouzi, Mohammad},
  year={2019}
}

@inproceedings{lakshminarayanan2017simple,
  title={Simple and scalable predictive uncertainty estimation using deep ensembles},
  author={Lakshminarayanan, Balaji and Pritzel, Alexander and Blundell, Charles},
  booktitle={Advances in neural information processing systems},
  pages={6402--6413},
  year={2017}
}

@article{achiam2019towards,
  title={Towards characterizing divergence in deep q-learning},
  author={Achiam, Joshua and Knight, Ethan and Abbeel, Pieter},
  journal={arXiv preprint arXiv:1903.08894},
  year={2019}
}

@article{gupta2019relay,
  title={Relay Policy Learning: Solving Long-Horizon Tasks via Imitation and Reinforcement Learning},
  author={Gupta, Abhishek and Kumar, Vikash and Lynch, Corey and Levine, Sergey and Hausman, Karol},
  journal={arXiv preprint arXiv:1910.11956},
  year={2019}
}

@inproceedings{osband2016deep,
  title={Deep exploration via bootstrapped DQN},
  author={Osband, Ian and Blundell, Charles and Pritzel, Alexander and Van Roy, Benjamin},
  booktitle={Advances in neural information processing systems},
  pages={4026--4034},
  year={2016}
}

@article{lagoudakis2003least,
  title={Least-squares policy iteration},
  author={Lagoudakis, Michail G and Parr, Ronald},
  journal={Journal of machine learning research},
  volume={4},
  number={Dec},
  pages={1107--1149},
  year={2003}
}

@article{sutton1991dyna,
  title={Dyna, an integrated architecture for learning, planning, and reacting},
  author={Sutton, Richard S},
  journal={ACM Sigart Bulletin},
  volume={2},
  number={4},
  pages={160--163},
  year={1991},
  publisher={ACM New York, NY, USA}
}

@inproceedings{deisenroth2011pilco,
  title={PILCO: A model-based and data-efficient approach to policy search},
  author={Deisenroth, Marc and Rasmussen, Carl E},
  booktitle={Proceedings of the 28th International Conference on machine learning (ICML-11)},
  pages={465--472},
  year={2011}
}

@article{johnson2016mimic,
  title={MIMIC-III, a freely accessible critical care database},
  author={Johnson, Alistair EW and Pollard, Tom J and Shen, Lu and Li-wei, H Lehman and Feng, Mengling and Ghassemi, Mohammad and Moody, Benjamin and Szolovits, Peter and Celi, Leo Anthony and Mark, Roger G},
  journal={Scientific data},
  volume={3},
  pages={160035},
  year={2016},
  publisher={Nature Publishing Group}
}

@inproceedings{guez2008adaptive,
  title={Adaptive Treatment of Epilepsy via Batch-mode Reinforcement Learning.},
  author={Guez, Arthur and Vincent, Robert D and Avoli, Massimo and Pineau, Joelle},
  booktitle={AAAI},
  pages={1671--1678},
  year={2008}
}

@article{pipps,
  title={PIPPS: Flexible model-based policy search robust to the curse of chaos},
  author={Parmas, Paavo and Rasmussen, Carl Edward and Peters, Jan and Doya, Kenji},
  journal={arXiv preprint arXiv:1902.01240},
  year={2019}
}

@article{simpl,
  title={Model-based reinforcement learning for atari},
  author={Kaiser, Lukasz and Babaeizadeh, Mohammad and Milos, Piotr and Osinski, Blazej and Campbell, Roy H and Czechowski, Konrad and Erhan, Dumitru and Finn, Chelsea and Kozakowski, Piotr and Levine, Sergey and others},
  journal={arXiv preprint arXiv:1903.00374},
  year={2019}
}

@inproceedings{mbpo,
  title={When to trust your model: Model-based policy optimization},
  author={Janner, Michael and Fu, Justin and Zhang, Marvin and Levine, Sergey},
  booktitle={Advances in Neural Information Processing Systems},
  pages={12498--12509},
  year={2019}
}

@article{raghu2017deep,
  title={Deep reinforcement learning for sepsis treatment},
  author={Raghu, Aniruddh and Komorowski, Matthieu and Ahmed, Imran and Celi, Leo and Szolovits, Peter and Ghassemi, Marzyeh},
  journal={arXiv preprint arXiv:1711.09602},
  year={2017}
}

@article{prasad2017reinforcement,
  title={A reinforcement learning approach to weaning of mechanical ventilation in intensive care units},
  author={Prasad, Niranjani and Cheng, Li-Fang and Chivers, Corey and Draugelis, Michael and Engelhardt, Barbara E},
  journal={arXiv preprint arXiv:1704.06300},
  year={2017}
}

@inproceedings{swaminathan2017off,
  title={Off-policy evaluation for slate recommendation},
  author={Swaminathan, Adith and Krishnamurthy, Akshay and Agarwal, Alekh and Dudik, Miro and Langford, John and Jose, Damien and Zitouni, Imed},
  booktitle={Advances in Neural Information Processing Systems},
  pages={3632--3642},
  year={2017}
}

@article{wu2019behavior,
  title={Behavior Regularized Offline Reinforcement Learning},
  author={Wu, Yifan and Tucker, George and Nachum, Ofir},
  journal={arXiv preprint arXiv:1911.11361},
  year={2019}
}

@inproceedings{osband2017posterior,
  title={Why is posterior sampling better than optimism for reinforcement learning?},
  author={Osband, Ian and Van Roy, Benjamin},
  booktitle={Proceedings of the 34th International Conference on Machine Learning-Volume 70},
  pages={2701--2710},
  year={2017},
  organization={JMLR. org}
}

@article{peng2019awr,
  title={Advantage-Weighted Regression: Simple and Scalable Off-Policy Reinforcement Learning},
  author={Peng, Xue Bin and Kumar, Aviral and Zhang, Grace and Levine, Sergey},
  journal={arXiv preprint arXiv:1910.00177},
  year={2019}
}

@article{sriperumbudur2009integral,
  title={On integral probability metrics,$\backslash$phi-divergences and binary classification},
  author={Sriperumbudur, Bharath K and Fukumizu, Kenji and Gretton, Arthur and Sch{\"o}lkopf, Bernhard and Lanckriet, Gert RG},
  journal={arXiv preprint arXiv:0901.2698},
  year={2009}
}

@article{fujimoto2018off,
  title={Off-policy deep reinforcement learning without exploration},
  author={Fujimoto, Scott and Meger, David and Precup, Doina},
  journal={arXiv preprint arXiv:1812.02900},
  year={2018}
}

@inproceedings{kumar2019stabilizing,
  title={Stabilizing off-policy q-learning via bootstrapping error reduction},
  author={Kumar, Aviral and Fu, Justin and Soh, Matthew and Tucker, George and Levine, Sergey},
  booktitle={Advances in Neural Information Processing Systems},
  pages={11761--11771},
  year={2019}
}

@article{siegel2020keep,
  title={Keep Doing What Worked: Behavioral Modelling Priors for Offline Reinforcement Learning},
  author={Siegel, Noah Y and Springenberg, Jost Tobias and Berkenkamp, Felix and Abdolmaleki, Abbas and Neunert, Michael and Lampe, Thomas and Hafner, Roland and Riedmiller, Martin},
  journal={arXiv preprint arXiv:2002.08396},
  year={2020}
}

@inproceedings{nowozin2016f,
  title={f-gan: Training generative neural samplers using variational divergence minimization},
  author={Nowozin, Sebastian and Cseke, Botond and Tomioka, Ryota},
  booktitle={Advances in neural information processing systems},
  pages={271--279},
  year={2016}
}

@article{wu2019domain,
  title={Domain adaptation with asymmetrically-relaxed distribution alignment},
  author={Wu, Yifan and Winston, Ezra and Kaushik, Divyansh and Lipton, Zachary},
  journal={arXiv preprint arXiv:1903.01689},
  year={2019}
}

@inproceedings{sutton2009fastgtd,
  title={Fast gradient-descent methods for temporal-difference learning with linear function approximation},
  author={Sutton, Richard S and Maei, Hamid Reza and Precup, Doina and Bhatnagar, Shalabh and Silver, David and Szepesv{\'a}ri, Csaba and Wiewiora, Eric},
  booktitle={Proceedings of the 26th Annual International Conference on Machine Learning},
  pages={993--1000},
  year={2009}
}

@article{levine2020offline,
  title={Offline Reinforcement Learning: Tutorial, Review, and Perspectives on Open Problems},
  author={Levine, Sergey and Kumar, Aviral and Tucker, George and Fu, Justin},
  journal={arXiv preprint arXiv:2005.01643},
  year={2020}
}

@article{alphastar,
  title={Mastering the Real-Time Strategy Game StarCraft II},
  author={AlphaStar, DeepMind},
  journal={URL: https://deepmind. com/blog/alphastar-mastering-real-time-strategy-game-starcraft-ii}
}

@article{lu2018general,
  title={A General Family of Robust Stochastic Operators for Reinforcement Learning},
  author={Lu, Yingdong and Squillante, Mark S and Wu, Chai Wah},
  journal={arXiv preprint arXiv:1805.08122},
  year={2018}
}

@inproceedings{
Zhang2020GenDICE:,
title={GenDICE: Generalized Offline Estimation of Stationary Values},
author={Ruiyi Zhang and Bo Dai and Lihong Li and Dale Schuurmans},
booktitle={International Conference on Learning Representations},
year={2020},
url={https://openreview.net/forum?id=HkxlcnVFwB}
}

@inproceedings{imagenet,
  title={Imagenet: A large-scale hierarchical image database},
  author={Deng, Jia and Dong, Wei and Socher, Richard and Li, Li-Jia and Li, Kai and Fei-Fei, Li},
  booktitle={2009 IEEE conference on computer vision and pattern recognition},
  pages={248--255},
  year={2009},
  organization={Ieee}
}

@inproceedings{resnet,
  title={Deep residual learning for image recognition},
  author={He, Kaiming and Zhang, Xiangyu and Ren, Shaoqing and Sun, Jian},
  booktitle={Proceedings of the IEEE conference on computer vision and pattern recognition},
  pages={770--778},
  year={2016}
}

@article{bert,
  title={Bert: Pre-training of deep bidirectional transformers for language understanding},
  author={Devlin, Jacob and Chang, Ming-Wei and Lee, Kenton and Toutanova, Kristina},
  journal={arXiv preprint arXiv:1810.04805},
  year={2018}
}

@inproceedings{bellemare2016increasing,
  title={Increasing the action gap: New operators for reinforcement learning},
  author={Bellemare, Marc G and Ostrovski, Georg and Guez, Arthur and Thomas, Philip S and Munos, R{\'e}mi},
  booktitle={Thirtieth AAAI Conference on Artificial Intelligence},
  year={2016}
}

@inproceedings{rajeswaran2018dapg,
  title={Learning complex dexterous manipulation with deep reinforcement learning and demonstrations},
  author={Rajeswaran, Aravind and Kumar, Vikash and Gupta, Abhishek and Vezzani, Giulia and Schulman, John and Todorov, Emanuel and Levine, Sergey},
  booktitle={Robotics: Science and Systems},
  year={2018}
}

@inproceedings{hester2018deep,
  title={Deep q-learning from demonstrations},
  author={Hester, Todd and Vecerik, Matej and Pietquin, Olivier and Lanctot, Marc and Schaul, Tom and Piot, Bilal and Horgan, Dan and Quan, John and Sendonaris, Andrew and Osband, Ian and others},
  booktitle={Thirty-Second AAAI Conference on Artificial Intelligence},
  year={2018}
}

@article{vecerik2017leveraging,
  title={Leveraging demonstrations for deep reinforcement learning on robotics problems with sparse rewards},
  author={Vecerik, Mel and Hester, Todd and Scholz, Jonathan and Wang, Fumin and Pietquin, Olivier and Piot, Bilal and Heess, Nicolas and Roth{\"o}rl, Thomas and Lampe, Thomas and Riedmiller, Martin},
  journal={arXiv preprint arXiv:1707.08817},
  year={2017}
}

@article{bellemare2013arcade,
  title={The arcade learning environment: An evaluation platform for general agents},
  author={Bellemare, Marc G and Naddaf, Yavar and Veness, Joel and Bowling, Michael},
  journal={Journal of Artificial Intelligence Research},
  volume={47},
  pages={253--279},
  year={2013}
}

@inproceedings{dabney2018distributional,
  title={Distributional reinforcement learning with quantile regression},
  author={Dabney, Will and Rowland, Mark and Bellemare, Marc G and Munos, R{\'e}mi},
  booktitle={Thirty-Second AAAI Conference on Artificial Intelligence},
  year={2018}
}

@misc{
sachdeva2020offpolicy,
title={Off-policy Bandits with Deficient Support},
author={Noveen Sachdeva and Yi Su and Thorsten Joachims},
year={2020},
url={https://openreview.net/forum?id=SklcyJBtvB}
}

@inproceedings{li2010contextual,
  title={A contextual-bandit approach to personalized news article recommendation},
  author={Li, Lihong and Chu, Wei and Langford, John and Schapire, Robert E},
  booktitle={Proceedings of the 19th international conference on World wide web},
  pages={661--670},
  year={2010}
}

@article{o2018variational,
  title={Variational Bayesian reinforcement learning with regret bounds},
  author={O'Donoghue, Brendan},
  journal={arXiv preprint arXiv:1807.09647},
  year={2018}
}

@inproceedings{hasselt2010double,
  title={Double Q-learning},
  author={Hasselt, Hado V},
  booktitle={Advances in neural information processing systems},
  pages={2613--2621},
  year={2010}
}

@article{burda2018exploration,
  title={Exploration by random network distillation},
  author={Burda, Yuri and Edwards, Harrison and Storkey, Amos and Klimov, Oleg},
  journal={arXiv preprint arXiv:1810.12894},
  year={2018}
}

@InProceedings{fujimoto2018addressing,
  title = 	 {Addressing Function Approximation Error in Actor-Critic Methods},
  author = 	 {Fujimoto, Scott and van Hoof, Herke and Meger, David},
  booktitle = 	 {International Conference on Machine Learning (ICML)},
  pages = 	 {1587--1596},
  year = 	 {2018},
}

@incollection{ntk,
title = {Neural Tangent Kernel: Convergence and Generalization in Neural Networks},
author = {Jacot, Arthur and Gabriel, Franck and Hongler, Clement},
booktitle = {Advances in Neural Information Processing Systems 31},
year = {2018},
url = {}
}

@misc{d4rl_repo,
title = {D4RL: Datasets for Data-Driven Deep Reinforcement Learning},
author = {Fu, Justin and Kumar, Aviral and Nachum, Ofir and Tucker, George and Levine, Sergey},
note = {Github repository},
year = {2020},
howpublished  = {\url{https://github.com/rail-berkeley/d4rl/wiki/New-Franka-Kitchen-Tasks}}
}

@article{furuichi2004fundamental,
  title={Fundamental properties of Tsallis relative entropy},
  author={Furuichi, Shigeru and Yanagi, Kenjiro and Kuriyama, Ken},
  journal={Journal of Mathematical Physics},
  volume={45},
  number={12},
  pages={4868--4877},
  year={2004},
  publisher={American Institute of Physics}
}

@inproceedings{namkoong2017variance,
  title={Variance-based regularization with convex objectives},
  author={Namkoong, Hongseok and Duchi, John C},
  booktitle={Advances in neural information processing systems},
  pages={2971--2980},
  year={2017}
}

@inproceedings{tamar2014scaling,
  title={Scaling up robust MDPs using function approximation},
  author={Tamar, Aviv and Mannor, Shie and Xu, Huan},
  booktitle={International Conference on Machine Learning},
  pages={181--189},
  year={2014}
}

@article{nair2020accelerating,
  title={Accelerating Online Reinforcement Learning with Offline Datasets},
  author={Nair, Ashvin and Dalal, Murtaza and Gupta, Abhishek and Levine, Sergey},
  journal={arXiv preprint arXiv:2006.09359},
  year={2020}
}

@inproceedings{nilim2004robustness,
  title={Robustness in Markov decision problems with uncertain transition matrices},
  author={Nilim, Arnab and El Ghaoui, Laurent},
  booktitle={Advances in neural information processing systems},
  pages={839--846},
  year={2004}
}

@article{russel2018tight,
  title={Tight bayesian ambiguity sets for robust MDPs},
  author={Russel, Reazul Hasan and Petrik, Marek},
  journal={arXiv preprint arXiv:1811.06512},
  year={2018}
}

@article{iyengar2005robust,
  title={Robust dynamic programming},
  author={Iyengar, Garud N},
  journal={Mathematics of Operations Research},
  volume={30},
  number={2},
  pages={257--280},
  year={2005},
  publisher={INFORMS}
}

@inproceedings{ghavamzadeh2016safe,
  title={Safe policy improvement by minimizing robust baseline regret},
  author={Petrik, Marek and Ghavamzadeh, Mohammad and Chow, Yinlam},
  booktitle={Advances in Neural Information Processing Systems},
  pages={2298--2306},
  year={2016}
}

@inproceedings{strehl2010learning,
  title={Learning from logged implicit exploration data},
  author={Strehl, Alex and Langford, John and Li, Lihong and Kakade, Sham M},
  booktitle={Advances in Neural Information Processing Systems},
  pages={2217--2225},
  year={2010}
}

@article{simao2019safe,
  title={Safe Policy Improvement with an Estimated Baseline Policy},
  author={Sim{\~a}o, Thiago D and Laroche, Romain and Combes, R{\'e}mi Tachet des},
  journal={arXiv preprint arXiv:1909.05236},
  year={2019}
}

@article{laroche2017safe,
  title={Safe policy improvement with baseline bootstrapping},
  author={Laroche, Romain and Trichelair, Paul and Combes, R{\'e}mi Tachet des},
  journal={arXiv preprint arXiv:1712.06924},
  year={2017}
}

@article{nachum2019algaedice,
  title={AlgaeDICE: Policy Gradient from Arbitrary Experience},
  author={Nachum, Ofir and Dai, Bo and Kostrikov, Ilya and Chow, Yinlam and Li, Lihong and Schuurmans, Dale},
  journal={arXiv preprint arXiv:1912.02074},
  year={2019}
}

@article{brac,
  title={Behavior Regularized Offline Reinforcement Learning},
  author={Wu, Yifan and Tucker, George and Nachum, Ofir},
  journal={arXiv preprint arXiv:1911.11361},
  year={2019}
}

@article{jaksch2010near,
  title={Near-optimal regret bounds for reinforcement learning},
  author={Jaksch, Thomas and Ortner, Ronald and Auer, Peter},
  journal={Journal of Machine Learning Research},
  volume={11},
  number={Apr},
  pages={1563--1600},
  year={2010}
}

@article{kumar2020discor,
  title={DisCor: Corrective Feedback in Reinforcement Learning via Distribution Correction},
  author={Kumar, Aviral and Gupta, Abhishek and Levine, Sergey},
  journal={arXiv preprint arXiv:2003.07305},
  year={2020}
}

@inproceedings{o2018uncertainty,
  title={The Uncertainty Bellman Equation and Exploration},
  author={O’Donoghue, Brendan and Osband, Ian and Munos, Remi and Mnih, Volodymyr},
  booktitle={International Conference on Machine Learning},
  pages={3836--3845},
  year={2018}
}

@inproceedings{gilotte2018offline,
  title={Offline a/b testing for recommender systems},
  author={Gilotte, Alexandre and Calauz{\`e}nes, Cl{\'e}ment and Nedelec, Thomas and Abraham, Alexandre and Doll{\'e}, Simon},
  booktitle={Proceedings of the Eleventh ACM International Conference on Web Search and Data Mining},
  pages={198--206},
  year={2018}
}

@article{bottou2013counterfactual,
  title={Counterfactual reasoning and learning systems: The example of computational advertising},
  author={Bottou, L{\'e}on and Peters, Jonas and Qui{\~n}onero-Candela, Joaquin and Charles, Denis X and Chickering, D Max and Portugaly, Elon and Ray, Dipankar and Simard, Patrice and Snelson, Ed},
  journal={The Journal of Machine Learning Research},
  volume={14},
  number={1},
  pages={3207--3260},
  year={2013},
  publisher={JMLR. org}
}

@inproceedings{theocharous2015personalized,
  title={Personalized ad recommendation systems for life-time value optimization with guarantees},
  author={Theocharous, Georgios and Thomas, Philip S and Ghavamzadeh, Mohammad},
  booktitle={Twenty-Fourth International Joint Conference on Artificial Intelligence},
  year={2015}
}


@article{henderson2008hybrid,
  title={Hybrid reinforcement/supervised learning of dialogue policies from fixed data sets},
  author={Henderson, James and Lemon, Oliver and Georgila, Kallirroi},
  journal={Computational Linguistics},
  volume={34},
  number={4},
  pages={487--511},
  year={2008},
  publisher={MIT Press}
}

@article{jaques2019way,
  title={Way off-policy batch deep reinforcement learning of implicit human preferences in dialog},
  author={Jaques, Natasha and Ghandeharioun, Asma and Shen, Judy Hanwen and Ferguson, Craig and Lapedriza, Agata and Jones, Noah and Gu, Shixiang and Picard, Rosalind},
  journal={arXiv preprint arXiv:1907.00456},
  year={2019}
}

@inproceedings{tesauro2006hybrid,
  title={A hybrid reinforcement learning approach to autonomic resource allocation},
  author={Tesauro, Gerald and Jong, Nicholas K and Das, Rajarshi and Bennani, Mohamed N},
  booktitle={2006 IEEE International Conference on Autonomic Computing},
  pages={65--73},
  year={2006},
  organization={IEEE}
}

@inproceedings{nazari2018reinforcement,
  title={Reinforcement learning for solving the vehicle routing problem},
  author={Nazari, Mohammadreza and Oroojlooy, Afshin and Snyder, Lawrence and Tak{\'a}c, Martin},
  booktitle={Advances in Neural Information Processing Systems},
  pages={9839--9849},
  year={2018}
}

@article{balaji2010urban,
  title={Urban traffic signal control using reinforcement learning agents},
  author={Balaji, PG and German, X and Srinivasan, Dipti},
  journal={IET Intelligent Transport Systems},
  volume={4},
  number={3},
  pages={177--188},
  year={2010},
  publisher={IET}
}

@inproceedings{hein2017industrial,
  title={Batch reinforcement learning on the industrial benchmark: First experiences},
  author={Hein, Daniel and Udluft, Steffen and Tokic, Michel and Hentschel, Alexander and Runkler, Thomas A and Sterzing, Volkmar},
  booktitle={2017 International Joint Conference on Neural Networks (IJCNN)},
  pages={4214--4221},
  year={2017},
  organization={IEEE}
}

@article{degris2012off,
  title={Off-policy actor-critic},
  author={Degris, Thomas and White, Martha and Sutton, Richard S},
  journal={arXiv preprint arXiv:1205.4839},
  year={2012}
}

@article{wang2016sample,
  title={Sample efficient actor-critic with experience replay},
  author={Wang, Ziyu and Bapst, Victor and Heess, Nicolas and Mnih, Volodymyr and Munos, Remi and Kavukcuoglu, Koray and de Freitas, Nando},
  journal={arXiv preprint arXiv:1611.01224},
  year={2016}
}

@article{espeholt2018impala,
  title={Impala: Scalable distributed deep-rl with importance weighted actor-learner architectures},
  author={Espeholt, Lasse and Soyer, Hubert and Munos, Remi and Simonyan, Karen and Mnih, Volodymir and Ward, Tom and Doron, Yotam and Firoiu, Vlad and Harley, Tim and Dunning, Iain and others},
  journal={arXiv preprint arXiv:1802.01561},
  year={2018}
}

@inproceedings{achiam2017constrained,
  title={Constrained policy optimization},
  author={Achiam, Joshua and Held, David and Tamar, Aviv and Abbeel, Pieter},
  booktitle={Proceedings of the 34th International Conference on Machine Learning-Volume 70},
  pages={22--31},
  year={2017},
  organization={JMLR. org}
}


@inproceedings{schulman2015trust,
  title={Trust region policy optimization},
  author={Schulman, John and Levine, Sergey and Abbeel, Pieter and Jordan, Michael and Moritz, Philipp},
  booktitle={International conference on machine learning},
  pages={1889--1897},
  year={2015}
}

@article{fu2019diagnosing,
  title={Diagnosing bottlenecks in deep {Q}-learning algorithms},
  author={Fu, Justin and Kumar, Aviral and Soh, Matthew and Levine, Sergey},
  journal={arXiv preprint arXiv:1902.10250},
  year={2019}
}

@inproceedings{imani2018off,
  title={An off-policy policy gradient theorem using emphatic weightings},
  author={Imani, Ehsan and Graves, Eric and White, Martha},
  booktitle={Advances in Neural Information Processing Systems},
  pages={96--106},
  year={2018}
}

@inproceedings{silver2014deterministic,
  title={Deterministic policy gradient algorithms},
  author={Silver, David and Lever, Guy and Heess, Nicolas and Degris, Thomas and Wierstra, Daan and Riedmiller, Martin},
  year={2014}
}

@article{lillicrap2015continuous,
  title={Continuous control with deep reinforcement learning},
  author={Lillicrap, Timothy P and Hunt, Jonathan J and Pritzel, Alexander and Heess, Nicolas and Erez, Tom and Tassa, Yuval and Silver, David and Wierstra, Daan},
  journal={arXiv preprint arXiv:1509.02971},
  year={2015}
}

@inproceedings{gu2017interpolated,
  title={Interpolated policy gradient: Merging on-policy and off-policy gradient estimation for deep reinforcement learning},
  author={Gu, Shixiang Shane and Lillicrap, Timothy and Turner, Richard E and Ghahramani, Zoubin and Sch{\"o}lkopf, Bernhard and Levine, Sergey},
  booktitle={Advances in neural information processing systems},
  pages={3846--3855},
  year={2017}
}

@inproceedings{gelada2019off,
  title={Off-policy deep reinforcement learning by bootstrapping the covariate shift},
  author={Gelada, Carles and Bellemare, Marc G},
  booktitle={Proceedings of the AAAI Conference on Artificial Intelligence},
  volume={33},
  pages={3647--3655},
  year={2019}
}

@article{gabel2008adaptive,
  title={Adaptive reactive job-shop scheduling with reinforcement learning agents},
  author={Gabel, Thomas and Riedmiller, Martin},
  journal={International Journal of Information Technology and Intelligent Computing},
  volume={24},
  number={4},
  pages={14--18},
  year={2008},
  publisher={Citeseer}
}

@article{precup2000eligibility,
  title={Eligibility traces for off-policy policy evaluation},
  author={Precup, Doina},
  journal={Computer Science Department Faculty Publication Series},
  pages={80},
  year={2000}
}

@article{peshkin2002learning,
  title={Learning from scarce experience},
  author={Peshkin, Leonid and Shelton, Christian R},
  journal={arXiv preprint cs/0204043},
  year={2002}
}

@inproceedings{precup2001off,
  title={Off-policy temporal-difference learning with function approximation},
  author={Precup, Doina and Sutton, Richard S and Dasgupta, Sanjoy},
  booktitle={ICML},
  pages={417--424},
  year={2001}
}

@inproceedings{hallak2017consistent,
  title={Consistent on-line off-policy evaluation},
  author={Hallak, Assaf and Mannor, Shie},
  booktitle={Proceedings of the 34th International Conference on Machine Learning-Volume 70},
  pages={1372--1383},
  year={2017},
  organization={JMLR. org}
}

@inproceedings{thomas2016data,
  title={Data-efficient off-policy policy evaluation for reinforcement learning},
  author={Thomas, Philip and Brunskill, Emma},
  booktitle={International Conference on Machine Learning},
  pages={2139--2148},
  year={2016}
}

@inproceedings{wang2017optimal,
  title={Optimal and adaptive off-policy evaluation in contextual bandits},
  author={Wang, Yu-Xiang and Agarwal, Alekh and Dudik, Miroslav},
  booktitle={Proceedings of the 34th International Conference on Machine Learning-Volume 70},
  pages={3589--3597},
  year={2017},
  organization={JMLR. org}
}

@article{jiang2015doubly,
  title={Doubly robust off-policy value evaluation for reinforcement learning},
  author={Jiang, Nan and Li, Lihong},
  journal={arXiv preprint arXiv:1511.03722},
  year={2015}
}

@article{farajtabar2018more,
  title={More robust doubly robust off-policy evaluation},
  author={Farajtabar, Mehrdad and Chow, Yinlam and Ghavamzadeh, Mohammad},
  journal={arXiv preprint arXiv:1802.03493},
  year={2018}
}

@inproceedings{thomas2015high,
  title={High confidence policy improvement},
  author={Thomas, Philip and Theocharous, Georgios and Ghavamzadeh, Mohammad},
  booktitle={International Conference on Machine Learning},
  pages={2380--2388},
  year={2015}
}

@article{chen2019information,
  title={Information-theoretic considerations in batch reinforcement learning},
  author={Chen, Jinglin and Jiang, Nan},
  journal={arXiv preprint arXiv:1905.00360},
  year={2019}
}

@inproceedings{scherrer2014approximate,
  title={Approximate policy iteration schemes: a comparison},
  author={Scherrer, Bruno},
  booktitle={International Conference on Machine Learning},
  pages={1314--1322},
  year={2014}
}

@inproceedings{farahmand2010error,
  title={Error propagation for approximate policy and value iteration},
  author={Farahmand, Amir-massoud and Szepesv{\'a}ri, Csaba and Munos, R{\'e}mi},
  booktitle={Advances in Neural Information Processing Systems},
  pages={568--576},
  year={2010}
}

@article{xie2020q,
  title={Q* Approximation Schemes for Batch Reinforcement Learning: A eoretical Comparison},
  author={Xie, Tengyang and Jiang, Nan},
  year={2020}
}

@inproceedings{hanna2017bootstrapping,
  title={Bootstrapping with models: Confidence intervals for off-policy evaluation},
  author={Hanna, Josiah P and Stone, Peter and Niekum, Scott},
  booktitle={Thirty-First AAAI Conference on Artificial Intelligence},
  year={2017}
}

@inproceedings{thomas2015higheval,
  title={High-confidence off-policy evaluation},
  author={Thomas, Philip S and Theocharous, Georgios and Ghavamzadeh, Mohammad},
  booktitle={Twenty-Ninth AAAI Conference on Artificial Intelligence},
  year={2015}
}


@article{gu2016q,
  title={Q-prop: Sample-efficient policy gradient with an off-policy critic},
  author={Gu, Shixiang and Lillicrap, Timothy and Ghahramani, Zoubin and Turner, Richard E and Levine, Sergey},
  journal={arXiv preprint arXiv:1611.02247},
  year={2016}
}

@article{nadjahi2019safe,
  title={Safe Policy Improvement with Soft Baseline Bootstrapping},
  author={Nadjahi, Kimia and Laroche, Romain and Combes, R{\'e}mi Tachet des},
  journal={arXiv preprint arXiv:1907.05079},
  year={2019}
}

@article{cheng2019trajectory,
  title={Trajectory-wise control variates for variance reduction in policy gradient methods},
  author={Cheng, Ching-An and Yan, Xinyan and Boots, Byron},
  journal={arXiv preprint arXiv:1908.03263},
  year={2019}
}

@article{pankov2018reward,
  title={Reward-estimation variance elimination in sequential decision processes},
  author={Pankov, Sergey},
  journal={arXiv preprint arXiv:1811.06225},
  year={2018}
}

@article{huang2019importance,
  title={From Importance Sampling to Doubly Robust Policy Gradient},
  author={Huang, Jiawei and Jiang, Nan},
  journal={arXiv preprint arXiv:1910.09066},
  year={2019}
}

@article{sutton2016emphatic,
  title={An emphatic approach to the problem of off-policy temporal-difference learning},
  author={Sutton, Richard S and Mahmood, A Rupam and White, Martha},
  journal={The Journal of Machine Learning Research},
  volume={17},
  number={1},
  pages={2603--2631},
  year={2016},
  publisher={JMLR. org}
}

@inproceedings{yu2015convergence,
  title={On convergence of emphatic temporal-difference learning},
  author={Yu, Huizhen},
  booktitle={Conference on Learning Theory},
  pages={1724--1751},
  year={2015}
}

@inproceedings{hallak2016generalized,
  title={Generalized emphatic temporal difference learning: Bias-variance analysis},
  author={Hallak, Assaf and Tamar, Aviv and Munos, R{\'e}mi and Mannor, Shie},
  booktitle={Thirtieth AAAI Conference on Artificial Intelligence},
  year={2016}
}

@inproceedings{zhang2019generalized,
  title={Generalized off-policy actor-critic},
  author={Zhang, Shangtong and Boehmer, Wendelin and Whiteson, Shimon},
  booktitle={Advances in Neural Information Processing Systems},
  pages={1999--2009},
  year={2019}
}

@article{hallak2015emphatic,
  title={Emphatic TD Bellman Operator is a Contraction},
  author={Hallak, Assaf and Tamar, Aviv and Mannor, Shie},
  journal={arXiv preprint arXiv:1508.03411},
  year={2015}
}

@inproceedings{liu2018breaking,
  title={Breaking the curse of horizon: Infinite-horizon off-policy estimation},
  author={Liu, Qiang and Li, Lihong and Tang, Ziyang and Zhou, Dengyong},
  booktitle={Advances in Neural Information Processing Systems},
  pages={5356--5366},
  year={2018}
}

@article{liu2019off,
  title={Off-policy policy gradient with state distribution correction},
  author={Liu, Yao and Swaminathan, Adith and Agarwal, Alekh and Brunskill, Emma},
  journal={arXiv preprint arXiv:1904.08473},
  year={2019}
}

@article{mousavi2020black,
  title={Black-box Off-policy Estimation for Infinite-Horizon Reinforcement Learning},
  author={Mousavi, Ali and Li, Lihong and Liu, Qiang and Zhou, Denny},
  journal={arXiv preprint arXiv:2003.11126},
  year={2020}
}

@article{kallus2019efficiently,
  title={Efficiently breaking the curse of horizon: Double reinforcement learning in infinite-horizon processes},
  author={Kallus, Nathan and Uehara, Masatoshi},
  journal={arXiv preprint arXiv:1909.05850},
  year={2019}
}

@inproceedings{kallus2019intrinsically,
  title={Intrinsically efficient, stable, and bounded off-policy evaluation for reinforcement learning},
  author={Kallus, Nathan and Uehara, Masatoshi},
  booktitle={Advances in Neural Information Processing Systems},
  pages={3320--3329},
  year={2019}
}

@article{uehara2019minimax,
  title={Minimax Weight and Q-Function Learning for Off-Policy Evaluation},
  author={Uehara, Masatoshi and Jiang, Nan},
  journal={arXiv preprint arXiv:1910.12809},
  year={2019}
}

@article{tang2019doubly,
  title={Doubly robust bias reduction in infinite horizon off-policy estimation},
  author={Tang, Ziyang and Feng, Yihao and Li, Lihong and Zhou, Dengyong and Liu, Qiang},
  journal={arXiv preprint arXiv:1910.07186},
  year={2019}
}

@book{puterman2014markov,
  title={Markov decision processes: discrete stochastic dynamic programming},
  author={Puterman, Martin L},
  year={2014},
  publisher={John Wiley \& Sons}
}

@article{dai2017boosting,
  title={Boosting the actor with dual critic},
  author={Dai, Bo and Shaw, Albert and He, Niao and Li, Lihong and Song, Le},
  journal={arXiv preprint arXiv:1712.10282},
  year={2017}
}

@article{dai2017sbeed,
  title={SBEED: Convergent reinforcement learning with nonlinear function approximation},
  author={Dai, Bo and Shaw, Albert and Li, Lihong and Xiao, Lin and He, Niao and Liu, Zhen and Chen, Jianshu and Song, Le},
  journal={arXiv preprint arXiv:1712.10285},
  year={2017}
}

@article{chen2016stochastic,
  title={Stochastic primal-dual methods and sample complexity of reinforcement learning},
  author={Chen, Yichen and Wang, Mengdi},
  journal={arXiv preprint arXiv:1612.02516},
  year={2016}
}

@inproceedings{wang2016online,
  title={An online primal-dual method for discounted markov decision processes},
  author={Wang, Mengdi and Chen, Yichen},
  booktitle={2016 IEEE 55th Conference on Decision and Control (CDC)},
  pages={4516--4521},
  year={2016},
  organization={IEEE}
}

@article{lee2018stochastic,
  title={Stochastic primal-dual Q-learning},
  author={Lee, Donghwan and He, Niao},
  journal={arXiv preprint arXiv:1810.08298},
  year={2018}
}

@inproceedings{swaminathan2015counterfactual,
  title={Counterfactual risk minimization: Learning from logged bandit feedback},
  author={Swaminathan, Adith and Joachims, Thorsten},
  booktitle={International Conference on Machine Learning},
  pages={814--823},
  year={2015}
}