@incollection{Bengio+chapter2007,
author = {Bengio, Yoshua and LeCun, Yann},
booktitle = {Large Scale Kernel Machines},
publisher = {MIT Press},
title = {Scaling Learning Algorithms Towards {AI}},
year = {2007}
}

@article{anonymous2021ptr,
  title={Pre-Training for Robots: Offline RL Enables Learning New Tasks from a Handful of Trials},
  author={Kumar, Aviral and Singh, Anikait and Ebert, Frederik and Yang, Yanlai and Finn, Chelsea and Levine, Sergey},
  journal={arXiv preprint arXiv:2210.05178},
  year={2022}
}


@inproceedings{kumar2021should,
  title={Should I Run Offline Reinforcement Learning or Behavioral Cloning?},
  author={Kumar, Aviral and Hong, Joey and Singh, Anikait and Levine, Sergey},
  booktitle={International Conference on Learning Representations},
  year={2021}
}

@article{agarwal2022beyond,
  title={Reincarnating Reinforcement Learning: Reusing Prior Computation to Accelerate Progress},
  author={Agarwal, Rishabh and Schwarzer, Max and Castro, Pablo Samuel and Courville, Aaron and Bellemare, Marc G},
  journal={NeurIPS},
  year={2022}
}

@article{agarwal2021deep,
  title={Deep reinforcement learning at the edge of the statistical precipice},
  author={Agarwal, Rishabh and Schwarzer, Max and Castro, Pablo Samuel and Courville, Aaron C and Bellemare, Marc},
  journal={Advances in neural information processing systems},
  volume={34},
  pages={29304--29320},
  year={2021}
}

@article{reed2022generalist,
  title={A generalist agent},
  author={Reed, Scott and Zolna, Konrad and Parisotto, Emilio and Colmenarejo, Sergio Gomez and Novikov, Alexander and Barth-Maron, Gabriel and Gimenez, Mai and Sulsky, Yury and Kay, Jackie and Springenberg, Jost Tobias and others},
  journal={arXiv preprint arXiv:2205.06175},
  year={2022}
}


@inproceedings{ijcai2020-370,
  title     = {I4R: Promoting Deep Reinforcement Learning by the Indicator for Expressive Representations},
  author    = {Luo, Xufang and Meng, Qi and He, Di and Chen, Wei and Wang, Yunhong},
  booktitle = {Proceedings of the Twenty-Ninth International Joint Conference on
               Artificial Intelligence, {IJCAI-20}},
  publisher = {International Joint Conferences on Artificial Intelligence Organization},             
  pages     = {2669--2675},
  year      = {2020},
  month     = {7},
  note      = {Main track},
  doi       = {10.24963/ijcai.2020/370},
  url       = {https://doi.org/10.24963/ijcai.2020/370},
}

@article{yoshida2017spectral,
  title={Spectral norm regularization for improving the generalizability of deep learning},
  author={Yoshida, Yuichi and Miyato, Takeru},
  journal={arXiv preprint arXiv:1705.10941},
  year={2017}
}

@inproceedings{Parr2008AnAO,
  title={An analysis of linear models, linear value-function approximation, and feature selection for reinforcement learning},
  author={Ronald Parr and Lihong Li and Gavin Taylor and Christopher Painter-Wakefield and Michael L. Littman},
  booktitle={ICML '08},
  year={2008}
}


@book{koller_friedman,
 author = {Koller, D. and Friedman, N.},
 title = {Probabilistic Graphical Models: Principles and Techniques},
 year = {2009},
 isbn = {0262013193, 9780262013192},
 publisher = {The MIT Press},
} 

@inproceedings{chebotar2019closing,
  title={Closing the sim-to-real loop: Adapting simulation randomization with real world experience},
  author={Chebotar, Yevgen and Handa, Ankur and Makoviychuk, Viktor and Macklin, Miles and Issac, Jan and Ratliff, Nathan and Fox, Dieter},
  booktitle={2019 International Conference on Robotics and Automation (ICRA)},
  pages={8973--8979},
  year={2019},
  organization={IEEE}
}

@article{tan2018sim,
  title={Sim-to-real: Learning agile locomotion for quadruped robots},
  author={Tan, Jie and Zhang, Tingnan and Coumans, Erwin and Iscen, Atil and Bai, Yunfei and Hafner, Danijar and Bohez, Steven and Vanhoucke, Vincent},
  journal={arXiv preprint arXiv:1804.10332},
  year={2018}
}

@inproceedings{sadeghi2016cad2rl,
  title={{CAD2RL}: Real single-image flight without a single real image},
  author={Sadeghi, Fereshteh and Levine, Sergey},
  booktitle={Robotics: Science and Systems},
  year={2017}
}

@inproceedings{gae,
title = {High-Dimensional Continuous Control Using Generalized Advantage Estimation},
author = {J. Schulman and P. Moritz and S. Levine and M. Jordan and P. Abbeel},
booktitle = {International Conference on Learning Representations (ICLR)},
year  = 2016
}

@misc{kumar_blog,
title = {Data-Driven Deep Reinforcement Learning},
author = {Aviral Kumar},
note = {{BAIR} Blog},
year = {2019},
howpublished  = {\url{https://bair.berkeley.edu/blog/2019/12/05/bear/}}
}

@article{levine2016end,
  title={End-to-end training of deep visuomotor policies},
  author={Levine, Sergey and Finn, Chelsea and Darrell, Trevor and Abbeel, Pieter},
  journal={The Journal of Machine Learning Research},
  volume={17},
  number={1},
  pages={1334--1373},
  year={2016},
  publisher={JMLR. org}
}

@inproceedings{levine2013guided,
  title={Guided policy search},
  author={Levine, Sergey and Koltun, Vladlen},
  booktitle={International Conference on Machine Learning},
  pages={1--9},
  year={2013}
}

@article{luo2019learning,
  title={Learning self-correctable policies and value functions from demonstrations with negative sampling},
  author={Luo, Yuping and Xu, Huazhe and Ma, Tengyu},
  journal={arXiv preprint arXiv:1907.05634},
  year={2019}
}

@inproceedings{mulayoff2020unique,
  title={Unique Properties of Flat Minima in Deep Networks},
  author={Mulayoff, Rotem and Michaeli, Tomer},
  booktitle={International Conference on Machine Learning},
  pages={7108--7118},
  year={2020},
  organization={PMLR}
}

@article{van2018deep,
  title={Deep reinforcement learning and the deadly triad},
  author={Van Hasselt, Hado and Doron, Yotam and Strub, Florian and Hessel, Matteo and Sonnerat, Nicolas and Modayil, Joseph},
  journal={arXiv preprint arXiv:1812.02648},
  year={2018}
}

@article{damian2021label,
  title={Label Noise SGD Provably Prefers Flat Global Minimizers},
  author={Damian, Alex and Ma, Tengyu and Lee, Jason},
  journal={arXiv preprint arXiv:2106.06530},
  year={2021}
}

@article{mahmood2015emphatic,
  title={Emphatic temporal-difference learning},
  author={Mahmood, A Rupam and Yu, Huizhen and White, Martha and Sutton, Richard S},
  journal={arXiv preprint arXiv:1507.01569},
  year={2015}
}

@article{chatterji2019intriguing,
  title={The intriguing role of module criticality in the generalization of deep networks},
  author={Chatterji, Niladri S and Neyshabur, Behnam and Sedghi, Hanie},
  journal={arXiv preprint arXiv:1912.00528},
  year={2019}
}


@article{farebrother2018generalization,
  title={Generalization and regularization in DQN},
  author={Farebrother, Jesse and Machado, Marlos C and Bowling, Michael},
  journal={arXiv preprint arXiv:1810.00123},
  year={2018}
}

@article{vinyals2019grandmaster,
  title={Grandmaster level in StarCraft II using multi-agent reinforcement learning},
  author={Vinyals, Oriol and Babuschkin, Igor and Czarnecki, Wojciech M and Mathieu, Micha{\"e}l and Dudzik, Andrew and Chung, Junyoung and Choi, David H and Powell, Richard and Ewalds, Timo and Georgiev, Petko and others},
  journal={Nature},
  volume={575},
  number={7782},
  pages={350--354},
  year={2019},
  publisher={Nature Publishing Group}
}

@article{schrittwieser2021online,
  title={Online and offline reinforcement learning by planning with a learned model},
  author={Schrittwieser, Julian and Hubert, Thomas and Mandhane, Amol and Barekatain, Mohammadamin and Antonoglou, Ioannis and Silver, David},
  journal={Advances in Neural Information Processing Systems},
  volume={34},
  pages={27580--27591},
  year={2021}
}

@article{bjorck2021towards,
  title={Towards Deeper Deep Reinforcement Learning},
  author={Bjorck, Johan and Gomes, Carla P and Weinberger, Kilian Q},
  journal={arXiv preprint arXiv:2106.01151},
  year={2021}
}

@article{ota2021training,
  title={Training Larger Networks for Deep Reinforcement Learning},
  author={Ota, Kei and Jha, Devesh K and Kanezaki, Asako},
  journal={arXiv preprint arXiv:2102.07920},
  year={2021}
}

@article{yang2020feature,
  title={Feature learning in infinite-width neural networks},
  author={Yang, Greg and Hu, Edward J},
  journal={arXiv preprint arXiv:2011.14522},
  year={2020}
}

@article{sinha2020d2rl,
  title={D2rl: Deep dense architectures in reinforcement learning},
  author={Sinha, Samarth and Bharadhwaj, Homanga and Srinivas, Aravind and Garg, Animesh},
  journal={arXiv preprint arXiv:2010.09163},
  year={2020}
}

@article{silver2017mastering,
  title={Mastering the game of go without human knowledge},
  author={Silver, David and Schrittwieser, Julian and Simonyan, Karen and Antonoglou, Ioannis and Huang, Aja and Guez, Arthur and Hubert, Thomas and Baker, Lucas and Lai, Matthew and Bolton, Adrian and others},
  journal={Nature},
  volume={550},
  number={7676},
  pages={354--359},
  year={2017},
  publisher={Nature Publishing Group}
}

@inproceedings{kakade2002natural,
  title={A natural policy gradient},
  author={Kakade, Sham M},
  booktitle={Advances in neural information processing systems},
  pages={1531--1538},
  year={2002}
}


@inproceedings{sutton2000policy,
  title={Policy gradient methods for reinforcement learning with function approximation},
  author={Sutton, Richard S and McAllester, David A and Singh, Satinder P and Mansour, Yishay},
  booktitle={Advances in neural information processing systems},
  pages={1057--1063},
  year={2000}
}

@article{ernst2005tree,
  title={Tree-based batch mode reinforcement learning},
  author={Ernst, Damien and Geurts, Pierre and Wehenkel, Louis},
  journal={Journal of Machine Learning Research},
  volume={6},
  number={Apr},
  pages={503--556},
  year={2005}
}

@incollection{lange2012batch,
  title={Batch reinforcement learning},
  author={Lange, Sascha and Gabel, Thomas and Riedmiller, Martin},
  booktitle={Reinforcement learning},
  pages={45--73},
  year={2012},
  publisher={Springer}
}

@InProceedings{dehghani2021scenic,
    author    = {Dehghani, Mostafa and Gritsenko, Alexey and Arnab, Anurag and Minderer, Matthias and Tay, Yi},
    title     = {Scenic: A JAX Library for Computer Vision Research and Beyond},
    booktitle = {Proceedings of the IEEE/CVF Conference on Computer Vision and Pattern Recognition (CVPR)},
    year      = {2022},
    pages     = {21393-21398}
}


@inproceedings{dean2022don,
  title={Don't Freeze Your Embedding: Lessons from Policy Finetuning in Environment Transfer},
  author={Dean, Victoria and Toyama, Daniel Kenji and Precup, Doina},
  booktitle={ICLR Workshop on Agent Learning in Open-Endedness},
  year={2022}
}

@article{machado18sticky,
  title={Revisiting the arcade learning environment: Evaluation protocols and open problems for general agents},
  author={Machado, Marlos C and Bellemare, Marc G and Talvitie, Erik and Veness, Joel and Hausknecht, Matthew and Bowling, Michael},
  journal={Journal of Artificial Intelligence Research},
  volume={61},
  pages={523--562},
  year={2018}
}

@InProceedings{thomas,
  title = 	 {Bias in Natural Actor-Critic Algorithms},
  author = 	 {Philip Thomas},
  booktitle = 	 {International Conference on Machine Learning (ICML)},
  year = 	 {2014},
  month = 	 {22--24 Jun},
}

@inproceedings{toussaint06,
 author = {Toussaint, M. and Storkey, A.},
 title = {Probabilistic Inference for Solving Discrete and Continuous State Markov Decision Processes},
 booktitle = {International Conference on Machine Learning (ICML)},
 year = {2006},
} 

@INPROCEEDINGS{attias,
    author = {H. Attias},
    title = {Planning by Probabilistic Inference},
    booktitle = {Proceedings of the 9th International Workshop on Artificial Intelligence and Statistics},
    year = {2003}
}

@article{hafner2011reinforcement,
  title={Reinforcement learning in feedback control},
  author={Hafner, Roland and Riedmiller, Martin},
  journal={Machine learning},
  volume={84},
  number={1-2},
  pages={137--169},
  year={2011},
  publisher={Springer}
}

@article{kober2013reinforcement,
  title={Reinforcement learning in robotics: A survey},
  author={Kober, Jens and Bagnell, J Andrew and Peters, Jan},
  journal={The International Journal of Robotics Research},
  volume={32},
  number={11},
  pages={1238--1274},
  year={2013},
  publisher={SAGE Publications Sage UK: London, England}
}

@article{peters2008reinforcement,
  title={Reinforcement learning of motor skills with policy gradients},
  author={Peters, Jan and Schaal, Stefan},
  journal={Neural networks},
  volume={21},
  number={4},
  pages={682--697},
  year={2008},
  publisher={Elsevier}
}

@article{tesauro1994td,
  title={{TD-Gammon}, a self-teaching backgammon program, achieves master-level play},
  author={Tesauro, Gerald},
  journal={Neural computation},
  volume={6},
  number={2},
  pages={215--219},
  year={1994},
  publisher={MIT Press}
}

@InProceedings{ebrl,
  title = 	 {Actor-Critic Reinforcement Learning with Energy-Based Policies},
  author = 	 {N. Heess and D. Silver and Y. W. Teh},
  booktitle = 	 {European Workshop on Reinforcement Learning (EWRL)},
  year = 	 {2013},
}

@inproceedings{ross2011reduction,
  title={A reduction of imitation learning and structured prediction to no-regret online learning},
  author={Ross, St{\'e}phane and Gordon, Geoffrey and Bagnell, Drew},
  booktitle={International Conference on Artificial Intelligence and Statistics (AISTATS)},
  pages={627--635},
  year={2011}
}

@inproceedings{ross2010efficient,
  title={Efficient reductions for imitation learning},
  author={Ross, St{\'e}phane and Bagnell, Drew},
  booktitle={International Conference on Artificial Intelligence and Statistics (AISTATS)},
  pages={661--668},
  year={2010}
}

@inproceedings{kakade2002approximately,
  title={Approximately optimal approximate reinforcement learning},
  author={Kakade, Sham and Langford, John},
  booktitle={International Conference on Machine Learning (ICML)},
  volume={2},
  year={2002}
}

@inproceedings{ep,
 author = {Minka, T. P.},
 title = {Expectation Propagation for Approximate Bayesian Inference},
 booktitle = {Uncertainty in Artificial Intelligence (UAI)},
 year = {2001},
}

@inproceedings{mpo,
title = {Maximum a Posteriori Policy Optimisation},
author = {A. Abdolmaleki and J. T. Springenberg and Y. Tassa and R. Munos and N. Heess and M. Riedmiller},
booktitle = {International Conference on Learning Representations (ICLR)},
year  = 2018
}

@article{williams,
 author = {Williams, R. J.},
 title = {Simple Statistical Gradient-Following Algorithms for Connectionist Reinforcement Learning},
 journal = {Machine Learning},
 issue_date = {May 1992},
 volume = {8},
 number = {3-4},
 month = may,
 year = {1992},
 pages = {229--256}
} 

@article{WilliamsPeng91,
  author = {Williams, R. J. and Peng, J.},
  journal = {Connection Science},
  number = 3,
  pages = {241-268},
  title = {Function optimization using connectionist reinforcement learning
	algorithms},
  volume = 3,
  year = 1991
}

@book{sb-irl-98,
 author = {Sutton, R. S. and Barto, A. G.},
 title = {Introduction to Reinforcement Learning},
 year = {1998},
 isbn = {0262193981},
 edition = {1st},
 publisher = {MIT Press},
 address = {Cambridge, MA, USA},
} 

@INPROCEEDINGS{suttonadp,
    author = {R. S. Sutton},
    title = {Integrated Architectures for Learning, Planning, and Reacting Based on Approximating Dynamic Programming},
    booktitle = {International Conference on Machine Learning (ICML)},
    year = {1990},
}

@inproceedings{pgq,
author = {O'Donoghue, B. and Munos, R. and Kavukcuoglu, K. and Mnih, V.},
year = {2017},
title = {PGQ: Combining policy gradient and Q-learning},
booktitle = {International Conference on Learning Representations (ICLR)}
}

@article{sallans,
 author = {Sallans, B. and Hinton, G. E.},
 title = {Reinforcement Learning with Factored States and Actions},
 journal = {Journal of Machine Learning Research},
 volume = {5},
 month = dec,
 year = {2004}
 },

@article{KLMSurvey,
    author = "L. P. Kaelbling and M. L. Littman and A. P. Moore",
    title = "Reinforcement Learning: A Survey",
    journal = "Journal of Artificial Intelligence Research",
    volume = "4",
    pages = "237-285",
    year = "1996",
url={http://people.csail.mit.edu/lpk/papers/rl-survey.ps}}

@inproceedings{todorov_kalman_duality, 
author={E. Todorov}, 
booktitle={Conference on Decision and Control (CDC)},
title={General duality between optimal control and estimation}, 
year={2008},
}

@inproceedings{covariant,
author = {J. A. Bagnell and J. Schneider},
title = {Covariant Policy Search},
booktitle = {International Joint Conference on Artifical Intelligence (IJCAI)},
year = {2003},
}

@InProceedings{reps,
  author =       "Peters, J. and  M{\"u}lling, K. and Alt{\"u}n, Y.",
  title =        "Relative Entropy Policy Search",
  booktitle =    "AAAI Conference on Artificial Intelligence (AAAI)",
  year =         "2010",
}

@inproceedings{mfgps,
title = {Learning Neural Network Policies with Guided Policy Search under Unknown Dynamics},
author = {Levine, S. and Abbeel, P.},
booktitle = {Neural Information Processing Systems (NIPS)},
year = {2014},
}

@inproceedings{lmdp_policy,
  author    = {E. Todorov},
  title     = {Policy gradients in linearly-solvable MDPs},
  booktitle = {Neural Information Processing Systems (NIPS)},
  year      = {2010},
}

@inproceedings{ldmp_irl,
 author = {Dvijotham, K. and Todorov, E.},
 title = {Inverse Optimal Control with Linearly-solvable MDPs},
 booktitle = {International Conference on International Conference on Machine Learning (ICML)},
 year = {2010},
} 

@inproceedings{bear,
title = {Stabilizing Off-Policy Q-Learning via Bootstrapping Error Reduction},
author = {Kumar, Aviral and Fu, Justin and Soh, Matthew and Tucker, George and Levine, Sergey},
booktitle = {Neural Information Processing Systems (NeurIPS)},
year = {2019}
}

@article{lerer2016learning,
  title={Learning physical intuition of block towers by example},
  author={Lerer, Adam and Gross, Sam and Fergus, Rob},
  journal={arXiv preprint arXiv:1603.01312},
  year={2016}
}

@article{ebert2018visual,
  title={Visual foresight: Model-based deep reinforcement learning for vision-based robotic control},
  author={Ebert, Frederik and Finn, Chelsea and Dasari, Sudeep and Xie, Annie and Lee, Alex and Levine, Sergey},
  journal={arXiv preprint arXiv:1812.00568},
  year={2018}
}

@inproceedings{finn2017deep,
  title={Deep visual foresight for planning robot motion},
  author={Finn, Chelsea and Levine, Sergey},
  booktitle={2017 IEEE International Conference on Robotics and Automation (ICRA)},
  pages={2786--2793},
  year={2017},
  organization={IEEE}
}

@inproceedings{battaglia2016interaction,
  title={Interaction networks for learning about objects, relations and physics},
  author={Battaglia, Peter and Pascanu, Razvan and Lai, Matthew and Rezende, Danilo Jimenez and others},
  booktitle={Advances in neural information processing systems},
  pages={4502--4510},
  year={2016}
}

@inproceedings{sagawa2019distributionally,
  title={Distributionally Robust Neural Networks},
  author={Sagawa, Shiori and Koh, Pang Wei and Hashimoto, Tatsunori B and Liang, Percy},
  booktitle={International Conference on Learning Representations},
  year={2019}
}

@article{arjovsky2019invariant,
  title={Invariant risk minimization},
  author={Arjovsky, Martin and Bottou, L{\'e}on and Gulrajani, Ishaan and Lopez-Paz, David},
  journal={arXiv preprint arXiv:1907.02893},
  year={2019}
}

@article{sinha2017certifying,
  title={Certifying some distributional robustness with principled adversarial training},
  author={Sinha, Aman and Namkoong, Hongseok and Duchi, John},
  journal={arXiv preprint arXiv:1710.10571},
  year={2017}
}

@inproceedings{kingma2014semi,
  title={Semi-supervised learning with deep generative models},
  author={Kingma, Durk P and Mohamed, Shakir and Rezende, Danilo Jimenez and Welling, Max},
  booktitle={Advances in neural information processing systems},
  pages={3581--3589},
  year={2014}
}

@inproceedings{kendall2017uncertainties,
  title={What uncertainties do we need in bayesian deep learning for computer vision?},
  author={Kendall, Alex and Gal, Yarin},
  booktitle={Advances in neural information processing systems},
  pages={5574--5584},
  year={2017}
}

@inproceedings{gal2016dropout,
  title={Dropout as a bayesian approximation: Representing model uncertainty in deep learning},
  author={Gal, Yarin and Ghahramani, Zoubin},
  booktitle={international conference on machine learning},
  pages={1050--1059},
  year={2016}
}

@article{scholkopf2019causality,
  title={Causality for Machine Learning},
  author={Sch{\"o}lkopf, Bernhard},
  journal={arXiv preprint arXiv:1911.10500},
  year={2019}
}

@article{lecun2015deep,
  title={Deep learning},
  author={LeCun, Yann and Bengio, Yoshua and Hinton, Geoffrey},
  journal={nature},
  volume={521},
  number={7553},
  pages={436--444},
  year={2015},
  publisher={Nature Publishing Group}
}

@inproceedings{pi2,
  title = {Learning Policy Improvements with Path Integrals},
  author = {Theodorou, E. A. and Buchli, J. and Schaal, S.},
  booktitle = {International Conference on  Artificial Intelligence and Statistics (AISTATS 2010)},
  year = {2010},
}

@InProceedings{trpo,
  title = 	 {Trust Region Policy Optimization},
  author = 	 {J. Schulman and S. Levine and P. Moritz and M. I. Jordan and P. Abbeel},
  booktitle = 	 {International Conference on Machine Learning (ICML)},
  year = 	 {2015},
}

@phdthesis{levine_thesis,
author = {Levine, S.},
title = {Motor skill learning with local trajectory methods},
school = {Stanford University},
year = {2014},
}

@phdthesis{ziebart_thesis,
author = {Ziebart, B.},
title = {Modeling purposeful adaptive behavior with the principle of maximum causal entropy},
school = {Carnegie Mellon University},
year = {2010},
}

@article{kappen_oc,
  author    = {H. J. Kappen},
  title     = {Optimal control theory and the linear bellman equation},
  journal   = {Inference and Learning in Dynamic Models},
  year      = {2011},
  pages     = {363-387},
}

@inproceedings{heess2015learning,
  title={Learning continuous control policies by stochastic value gradients},
  author={Heess, Nicolas and Wayne, Gregory and Silver, David and Lillicrap, Timothy and Erez, Tom and Tassa, Yuval},
  booktitle={Advances in Neural Information Processing Systems},
  pages={2944--2952},
  year={2015}
}

@inproceedings{haarnoja2017reinforcement,
  title={Reinforcement learning with deep energy-based policies},
  author={Haarnoja, Tuomas and Tang, Haoran and Abbeel, Pieter and Levine, Sergey},
  booktitle={Proceedings of the 34th International Conference on Machine Learning-Volume 70},
  pages={1352--1361},
  year={2017},
  organization={JMLR. org}
}

@article{kappen_pgm,
  author    = {H. J. Kappen and
               V. G{\'o}mez and
               M. Opper},
  title     = {Optimal control as a graphical model inference problem},
  journal   = {Machine Learning},
  volume    = {87},
  number    = {2},
  year      = {2012},
  pages     = {159-182},
}

@inproceedings{rawlik_soc,
  author    = {K. Rawlik and
               M. Toussaint and
               S. Vijayakumar},
  title     = {On Stochastic Optimal Control and Reinforcement Learning
               by Approximate Inference},
  year = {2013},
  booktitle = {Robotics: Science and Systems (RSS)},
}

@inproceedings{toussaint_soc,
  author    = {M. Toussaint},
  title     = {Robot trajectory optimization using approximate inference},
  booktitle = {International Conference on Machine Learning (ICML)},
  year      = {2009},
}

@inproceedings{toussaint_pgm,
  title={Hierarchical POMDP Controller Optimization by Likelihood Maximization},
  author={Toussaint, M. and Charlin, L. and Poupart, P.},
  booktitle={Uncertainty in Artificial Intelligence (UAI)},
  volume={24},
  pages={562--570},
  year={2008}
}

@article{kalman_filter,
  author={R. Kalman},
  title={A new approach to linear filtering and prediction problems},
  journal={ASME Transactions journal of basic engineering},
  volume={82},
  number={1},
  pages={35-45},
  year={1960}
}

@inproceedings{konda2000actor,
  title={Actor-critic algorithms},
  author={Konda, Vijay R and Tsitsiklis, John N},
  booktitle={Advances in neural information processing systems},
  pages={1008--1014},
  year={2000}
}

@article{lin1992self,
  title={Self-improving reactive agents based on reinforcement learning, planning and teaching},
  author={Lin, Long-Ji},
  journal={Machine learning},
  volume={8},
  number={3-4},
  pages={293--321},
  year={1992},
  publisher={Springer}
}

@article{watkins1992q,
  title={Q-learning},
  author={Watkins, Christopher JCH and Dayan, Peter},
  journal={Machine learning},
  volume={8},
  number={3-4},
  pages={279--292},
  year={1992},
  publisher={Springer}
}

@inproceedings{todorov_lmdp,
  author    = {E. Todorov},
  title     = {Linearly-solvable Markov decision problems},
  booktitle = {Advances in Neural Information Processing Systems (NIPS)},
  year      = {2006},
}

@inproceedings{rwr,
 author = {Peters, J. and Schaal, S.},
 title = {Reinforcement Learning by Reward-weighted Regression for Operational Space Control},
 booktitle = {International Conference on Machine Learning (ICML)},
 year = {2007},
} 


@inproceedings{neumann,
  author    = {G. Neumann},
  title     = {Variational Inference for Policy Search in changing situations},
  booktitle = {International Conference on Machine Learning (ICML)},
  year      = {2011},
}

@inproceedings{levine_vgps,
  author    = {S. Levine and V. Koltun},
  title     = {Variational policy search via trajectory optimization},
  booktitle = {Advances in Neural Information Processing Systems (NIPS)},
  year      = {2013},
}

@inproceedings{em_policy_search,
  title = {Efficient Sample Reuse in EM-Based Policy Search},
  author = {Hachiya, H. and Peters, J. and Sugiyama, M.},
  booktitle = {European Conference on Machine Learning (ECML)},
  year = {2009},
}

@article{vmp,
    title={Variational message passing},
    author={Winn, J. and Bishop, C.},
    journal={Journal of Machine Learning Research},
    volume={6},
    year={2005},
    pages={661-694}
}

@inproceedings{haarnoja,
  title={Reinforcement Learning with Deep Energy-Based Policies},
  author={Haarnoja, T. and Tang, H. and Abbeel, P. and Levine, S.},
  booktitle={International Conference on Machine Learning (ICML)},
  year={2017}
}

@inproceedings{sac,
title = {Soft Actor-Critic: Off-Policy Maximum Entropy Deep Reinforcement Learning with a Stochastic Actor},
author  = {T. Haarnoja and A. Zhou and P. Abbeel and S. Levine},
year  = {2018},
booktitle = {arXiv},
URL = {https://arxiv.org/pdf/1801.01290.pdf}
}

@inproceedings{d4rl,
title = {D4RL: Datasets for Deep Data-Driven Reinforcement Learning},
author  = {J. Fu and A. Kumar and O. Nachum and G. Tucker and S. Levine},
year  = {2020},
booktitle = {arXiv},
URL = {https://arxiv.org/pdf/2004.07219}
}

@inproceedings{pcl,
title = {Bridging the Gap Between Value and Policy Based Reinforcement Learning},
author  = {O. Nachum and M. Norouzi and K. Xu and D. Schuurmans},
year  = {2017},
booktitle = {arXiv},
URL = {https://arxiv.org/pdf/1702.08892.pdf}
}

@inproceedings{gps,
 author = {Levine, S. and Koltun, V.},
 title = {Guided Policy Search},
 booktitle = {International Conference on International Conference on Machine Learning (ICML)},
 year = {2013},
} 

@inproceedings{maxentirl,
 author = {Ziebart, B. D. and Maas, A. and Bagnell, J. A. and Dey, A. K.},
 title = {Maximum Entropy Inverse Reinforcement Learning},
 booktitle = {International Conference on Artificial Intelligence (AAAI)},
 year = {2008},
} 

@inproceedings{haarnoja_composable,
author = {Haarnjoa, T. and Pong, V. and Zhou, A. and Dalal, M. and Abbeel, P. and Levine, S.},
title = {Composable Deep Reinforcement Learning for Robotic Manipulation},
booktitle = {International Conference on Robotics and Automation (ICRA)},
year = {2018},
}

@article{trust_pcl,
  author    = {O. Nachum and
               M. Norouzi and
               K. Xu and
               D. Schuurmans},
  title     = {Trust-PCL: An Off-Policy Trust Region Method for Continuous Control},
  journal   = {CoRR},
  volume    = {abs/1707.01891},
  year      = {2017},
}

@inproceedings{gpirl,
 author = {Levine, S. and Popovi\'{c}, Z. and Koltun, V.},
 title = {Nonlinear Inverse Reinforcement Learning with Gaussian Processes},
 booktitle = {Neural Information Processing Systems (NIPS)},
 year = {2011},
}

@inproceedings{localioc,
    author = {S. Levine and V. Koltun},
    title = {Continuous Inverse Optimal Control with Locally Optimal Examples},
    booktitle = {International Conference on Machine Learning (ICML)},
    year = {2012},
}

@inproceedings{legibility,
  author    = {A. D. Dragan and
               K. C. T. Lee and
               S. S. Srinivasa},
  title     = {Legibility and predictability of robot motion},
  booktitle = {International Conference on Human-Robot Interaction (HRI)},
  year      = {2013},
}

@inproceedings{maxentdeepirl,
author = {M. Wulfmeier and
P. Ondruska and
I. Posner},
title = {Maximum Entropy Deep Inverse Reinforcement Learning},
Booktitle = {Neural Information Processing Systems Conference, Deep Reinforcement Learning Workshop},
year = {2015},
}

@inproceedings{maxcausalent,
  author    = {B. D. Ziebart and
               J. A. Bagnell and
               A. K. Dey},
  title     = {Modeling Interaction via the Principle of Maximum Causal Entropy},
  booktitle = {International Conference on Machine Learning (ICML)},
  year      = {2010},
}

@inproceedings{kitani1,
  author    = {D. Huang and
               K. M. Kitani},
  title     = {Action-Reaction: Forecasting the Dynamics of Human Interaction},
  booktitle = {European Conference on Computer Vision (ECCV)},
  year      = {2014},
}

@inproceedings{kitani2,
  author    = {D. Huang and
               A. Farahmand and
               K. M. Kitani and
               J. A. Bagnell},
  title     = {Approximate {MaxEnt} Inverse Optimal Control and Its Application for
               Mental Simulation of Human Interactions},
  booktitle = {AAAI Conference on Artificial Intelligence (AAAI)},
  year      = {2015},
}

@article{realnvp,
title={Latent Space Policies for Hierarchical Reinforcement Learning},
author={T. Haarnoja and K. Hartikainen and P. Abbeel and S. Levine},
journal   = {CoRR},
volume    = {abs/1804.02808},
year      = {2018},
}

@inproceedings{Javdani, 
    AUTHOR    = {S. Javdani and S. Srinivasa and J. A. Bagnell}, 
    TITLE     = {Shared Autonomy via Hindsight Optimization}, 
    BOOKTITLE = {Robotics: Science and Systems (RSS)}, 
    YEAR      = {2015}, 
}

@inproceedings{airl,
title={Learning Robust Rewards with Adversarial Inverse Reinforcement Learning},
booktitle={International Conference on Learning Representations (ICLR)},
year={2018},
author={Fu, J. and Luo, K. and Levine, S.},
}

@inproceedings{hausman,
title={Learning an Embedding Space for Transferable Robot Skills},
author={K. Hausman and J. T. Springenberg and Z. Wang and N. Heess and M. Riedmiller},
booktitle={International Conference on Learning Representations (ICLR)},
year={2018},
}

@article{learning_to_explore,
  author    = {A. Gupta and
               R. Mendonca and
               Y. Liu and
               P. Abbeel and
               S. Levine},
  title     = {Meta-Reinforcement Learning of Structured Exploration Strategies},
  journal   = {CoRR},
  volume    = {abs/1802.07245},
  year      = {2018},
}

@article{endtoend,
 author = {Levine, S. and Finn, C. and Darrell, T. and Abbeel, P.},
 title = {End-to-end Training of Deep Visuomotor Policies},
 journal = {Journal of Machine Learning Research},
 issue_date = {January 2016},
 volume = {17},
 number = {1},
 month = jan,
 year = {2016},
} 

@inproceedings{cgps,
    author = {Sergey Levine and Vladlen Koltun},
    title = {Learning Complex Neural Network Policies with Trajectory Optimization},
    booktitle = {International Conference on Machine Learning (ICML)},
    year = {2014},
}
@inproceedings{schulman,
title = {Equivalence Between Policy Gradients and Soft Q-Learning},
author  = {J. Schulman and X. Chen and P. Abbeel},
year  = {2017},
booktitle = {arXiv},
URL = {https://arxiv.org/pdf/1704.06440}
}

@inproceedings{nvil,
  author    = {A. Mnih and
               K. Gregor},
  title     = {Neural Variational Inference and Learning in Belief Networks},
  booktitle = {International Conference on Machine Learning (ICML)},
  year      = {2014}
}

@inproceedings{gcl,
  author    = {Chelsea Finn and
               Sergey Levine and
               Pieter Abbeel},
  title     = {Guided Cost Learning: Deep Inverse Optimal Control via Policy Optimization},
    booktitle   = {International Conference on Machine Learning (ICML)},
  year      = {2016},
}

@inproceedings{gan,
title = {Generative Adversarial Nets},
author = {Goodfellow, I. and Pouget-Abadie, J. and Mirza, M. and Xu, B. and Warde-Farley, D. and Ozair, S. and Courville, A. and Bengio, Y.},
booktitle = {Neural Information Processing Systems (NIPS)},
year = {2014},
}

@inproceedings{gail,
title = {Generative Adversarial Imitation Learning},
author = {Ho, J. and Ermon, S.},
booktitle = {Neural Information Processing Systems (NIPS)},
year = {2016},
}

@article{finn_adversarial,
  author    = {Chelsea Finn and
               Paul Christiano and
               Pieter Abbeel and
               Sergey Levine},
  title     = {A Connection between Generative Adversarial Networks, Inverse Reinforcement
               Learning, and Energy-Based Models},
  journal   = {CoRR},
  volume    = {abs/1611.03852},
  year      = {2016},
}

@inproceedings{bornschein2016bidirectional,
  title={Bidirectional helmholtz machines},
  author={Bornschein, Jorg and Shabanian, Samira and Fischer, Asja and Bengio, Yoshua},
  booktitle={International Conference on Machine Learning},
  pages={2511--2519},
  year={2016}
}

@article{marino2018iterative,
  title={Iterative amortized inference},
  author={Marino, Joseph and Yue, Yisong and Mandt, Stephan},
  journal={arXiv preprint arXiv:1807.09356},
  year={2018}
}

@inproceedings{rasmus2015semi,
  title={Semi-supervised learning with ladder networks},
  author={Rasmus, Antti and Berglund, Mathias and Honkala, Mikko and Valpola, Harri and Raiko, Tapani},
  booktitle={Advances in neural information processing systems},
  pages={3546--3554},
  year={2015}
}

@inproceedings{sonderby2016ladder,
  title={Ladder variational autoencoders},
  author={S{\o}nderby, Casper Kaae and Raiko, Tapani and Maal{\o}e, Lars and S{\o}nderby, S{\o}ren Kaae and Winther, Ole},
  booktitle={Advances in neural information processing systems},
  pages={3738--3746},
  year={2016}
}

@inproceedings{zhao2017learning,
  title={Learning hierarchical features from deep generative models},
  author={Zhao, Shengjia and Song, Jiaming and Ermon, Stefano},
  booktitle={Proceedings of the 34th International Conference on Machine Learning-Volume 70},
  pages={4091--4099},
  year={2017},
  organization={JMLR. org}
}

@inproceedings{hsu2017unsupervised,
  title={Unsupervised learning of disentangled and interpretable representations from sequential data},
  author={Hsu, Wei-Ning and Zhang, Yu and Glass, James},
  booktitle={Advances in neural information processing systems},
  pages={1878--1889},
  year={2017}
}


@inproceedings{kalashnikov2018qtopt,
  title={Scalable Deep Reinforcement Learning for Vision-Based Robotic Manipulation},
  author={Kalashnikov, Dmitry and Irpan, Alex and Pastor, Peter and Ibarz, Julian and Herzog, Alexander and Jang, Eric and Quillen, Deirdre and Holly, Ethan and Kalakrishnan, Mrinal and Vanhoucke, Vincent and others},
  booktitle={Conference on Robot Learning},
  pages={651--673},
  year={2018}
}

@article{cabi2019framework,
  title={A Framework for Data-Driven Robotics},
  author={Cabi, Serkan and Colmenarejo, Sergio G{\'o}mez and Novikov, Alexander and Konyushkova, Ksenia and Reed, Scott and Jeong, Rae and {\.Z}o{\l}na, Konrad and Aytar, Yusuf and Budden, David and Vecerik, Mel and others},
  journal={arXiv preprint arXiv:1909.12200},
  year={2019}
}

 @article{Mo18AdobeIndoorNav,
        Author = {Kaichun Mo and Haoxiang Li and Zhe Lin and Joon-Young Lee},
        Title = {The AdobeIndoorNav Dataset: Towards Deep Reinforcement Learning based Real-world Indoor Robot Visual Navigation},
        Year = {2018},
        Eprint = {arXiv:1802.08824},
    }
    
@article{kandasamy2017batch,
  title={Batch policy gradient methods for improving neural conversation models},
  author={Kandasamy, Kirthevasan and Bachrach, Yoram and Tomioka, Ryota and Tarlow, Daniel and Carter, David},
  journal={arXiv preprint arXiv:1702.03334},
  year={2017}
}

@inproceedings{zhang2018deep,
  title={Deep imitation learning for complex manipulation tasks from virtual reality teleoperation},
  author={Zhang, Tianhao and McCarthy, Zoe and Jow, Owen and Lee, Dennis and Chen, Xi and Goldberg, Ken and Abbeel, Pieter},
  booktitle={2018 IEEE International Conference on Robotics and Automation (ICRA)},
  pages={5628--5635},
  year={2018},
  organization={IEEE}
}

@inproceedings{sun2018fast,
  title={A fast integrated planning and control framework for autonomous driving via imitation learning},
  author={Sun, Liting and Peng, Cheng and Zhan, Wei and Tomizuka, Masayoshi},
  booktitle={Dynamic Systems and Control Conference},
  volume={51913},
  pages={V003T37A012},
  year={2018},
  organization={American Society of Mechanical Engineers}
}

@article{zhou2017end,
  title={End-to-end offline goal-oriented dialog policy learning via policy gradient},
  author={Zhou, Li and Small, Kevin and Rokhlenko, Oleg and Elkan, Charles},
  journal={arXiv preprint arXiv:1712.02838},
  year={2017}
}

@article{pan2017agile,
  title={Agile autonomous driving using end-to-end deep imitation learning},
  author={Pan, Yunpeng and Cheng, Ching-An and Saigol, Kamil and Lee, Keuntaek and Yan, Xinyan and Theodorou, Evangelos and Boots, Byron},
  journal={arXiv preprint arXiv:1709.07174},
  year={2017}
}

@article{nie2019learning,
  title={Learning when-to-treat policies},
  author={Nie, Xinkun and Brunskill, Emma and Wager, Stefan},
  journal={arXiv preprint arXiv:1905.09751},
  year={2019}
}

@article{bojarski2016end,
  title={End to end learning for self-driving cars},
  author={Bojarski, Mariusz and Del Testa, Davide and Dworakowski, Daniel and Firner, Bernhard and Flepp, Beat and Goyal, Prasoon and Jackel, Lawrence D and Monfort, Mathew and Muller, Urs and Zhang, Jiakai and others},
  journal={arXiv preprint arXiv:1604.07316},
  year={2016}
}

@article{yu2018bdd100k,
  title={Bdd100k: A diverse driving video database with scalable annotation tooling},
  author={Yu, Fisher and Xian, Wenqi and Chen, Yingying and Liu, Fangchen and Liao, Mike and Madhavan, Vashisht and Darrell, Trevor},
  journal={arXiv preprint arXiv:1805.04687},
  year={2018}
}

@article{sallab2017deep,
  title={Deep reinforcement learning framework for autonomous driving},
  author={Sallab, Ahmad EL and Abdou, Mohammed and Perot, Etienne and Yogamani, Senthil},
  journal={Electronic Imaging},
  volume={2017},
  number={19},
  pages={70--76},
  year={2017},
  publisher={Society for Imaging Science and Technology}
}

@article{yurtsever2020survey,
  title={A survey of autonomous driving: Common practices and emerging technologies},
  author={Yurtsever, Ekim and Lambert, Jacob and Carballo, Alexander and Takeda, Kazuya},
  journal={IEEE Access},
  year={2020},
  publisher={IEEE}
}

@inproceedings{kendall2019learning,
  title={Learning to drive in a day},
  author={Kendall, Alex and Hawke, Jeffrey and Janz, David and Mazur, Przemyslaw and Reda, Daniele and Allen, John-Mark and Lam, Vinh-Dieu and Bewley, Alex and Shah, Amar},
  booktitle={2019 International Conference on Robotics and Automation (ICRA)},
  pages={8248--8254},
  year={2019},
  organization={IEEE}
}

@article{maddern2017robotcar,
  title={1 year, 1000 km: The Oxford RobotCar dataset},
  author={Maddern, Will and Pascoe, Geoffrey and Linegar, Chris and Newman, Paul},
  journal={The International Journal of Robotics Research},
  volume={36},
  number={1},
  pages={3--15},
  year={2017},
  publisher={SAGE Publications Sage UK: London, England}
}

@inproceedings{codevilla2018end,
  title={End-to-end driving via conditional imitation learning},
  author={Codevilla, Felipe and Miiller, Matthias and L{\'o}pez, Antonio and Koltun, Vladlen and Dosovitskiy, Alexey},
  booktitle={2018 IEEE International Conference on Robotics and Automation (ICRA)},
  pages={1--9},
  year={2018},
  organization={IEEE}
}

@inproceedings{tassa2012synthesis,
  title={Synthesis and stabilization of complex behaviors through online trajectory optimization},
  author={Tassa, Yuval and Erez, Tom and Todorov, Emanuel},
  booktitle={2012 IEEE/RSJ International Conference on Intelligent Robots and Systems},
  pages={4906--4913},
  year={2012},
  organization={IEEE}
}

@inproceedings{pets,
  title={Deep reinforcement learning in a handful of trials using probabilistic dynamics models},
  author={Chua, Kurtland and Calandra, Roberto and McAllister, Rowan and Levine, Sergey},
  booktitle={Advances in Neural Information Processing Systems},
  pages={4754--4765},
  year={2018}
}

@inproceedings{nagabandi2018neural,
  title={Neural network dynamics for model-based deep reinforcement learning with model-free fine-tuning},
  author={Nagabandi, Anusha and Kahn, Gregory and Fearing, Ronald S and Levine, Sergey},
  booktitle={2018 IEEE International Conference on Robotics and Automation (ICRA)},
  pages={7559--7566},
  year={2018},
  organization={IEEE}
}

@inproceedings{gu2017deep,
  title={Deep reinforcement learning for robotic manipulation with asynchronous off-policy updates},
  author={Gu, Shixiang and Holly, Ethan and Lillicrap, Timothy and Levine, Sergey},
  booktitle={2017 IEEE international conference on robotics and automation (ICRA)},
  pages={3389--3396},
  year={2017},
  organization={IEEE}
}

@article{pietquin2011sample,
  title={Sample-efficient batch reinforcement learning for dialogue management optimization},
  author={Pietquin, Olivier and Geist, Matthieu and Chandramohan, Senthilkumar and Frezza-Buet, Herv{\'e}},
  journal={ACM Transactions on Speech and Language Processing (TSLP)},
  volume={7},
  number={3},
  pages={1--21},
  year={2011},
  publisher={ACM New York, NY, USA}
}

@article{gottesman2019guidelines,
  title={Guidelines for reinforcement learning in healthcare},
  author={Gottesman, Omer and Johansson, Fredrik and Komorowski, Matthieu and Faisal, Aldo and Sontag, David and Doshi-Velez, Finale and Celi, Leo Anthony},
  journal={Nat Med},
  volume={25},
  number={1},
  pages={16--18},
  year={2019}
}

@inproceedings{swaminathan2015self,
  title={The self-normalized estimator for counterfactual learning},
  author={Swaminathan, Adith and Joachims, Thorsten},
  booktitle={advances in neural information processing systems},
  pages={3231--3239},
  year={2015}
}

@book{rockafellar1970convex,
  title={Convex analysis},
  author={Rockafellar, R Tyrrell},
  number={28},
  year={1970},
  publisher={Princeton university press}
}

@article{nachum2020reinforcement,
  title={Reinforcement Learning via Fenchel-Rockafellar Duality},
  author={Nachum, Ofir and Dai, Bo},
  journal={arXiv preprint arXiv:2001.01866},
  year={2020}
}

@inproceedings{nachum2019dualdice,
  title={Dualdice: Behavior-agnostic estimation of discounted stationary distribution corrections},
  author={Nachum, Ofir and Chow, Yinlam and Dai, Bo and Li, Lihong},
  booktitle={Advances in Neural Information Processing Systems},
  pages={2315--2325},
  year={2019}
}

@article{eysenbach2017leave,
  title={Leave no trace: Learning to reset for safe and autonomous reinforcement learning},
  author={Eysenbach, Benjamin and Gu, Shixiang and Ibarz, Julian and Levine, Sergey},
  journal={arXiv preprint arXiv:1711.06782},
  year={2017}
}

@article{levine2018reinforcement,
  title={Reinforcement learning and control as probabilistic inference: Tutorial and review},
  author={Levine, Sergey},
  journal={arXiv preprint arXiv:1805.00909},
  year={2018}
}

@inproceedings{osband2018randomized,
  title={Randomized prior functions for deep reinforcement learning},
  author={Osband, Ian and Aslanides, John and Cassirer, Albin},
  booktitle={Advances in Neural Information Processing Systems},
  pages={8617--8629},
  year={2018}
}


@inproceedings{lakshminarayanan2017simple,
  title={Simple and scalable predictive uncertainty estimation using deep ensembles},
  author={Lakshminarayanan, Balaji and Pritzel, Alexander and Blundell, Charles},
  booktitle={Advances in neural information processing systems},
  pages={6402--6413},
  year={2017}
}

@article{achiam2019towards,
  title={Towards characterizing divergence in deep q-learning},
  author={Achiam, Joshua and Knight, Ethan and Abbeel, Pieter},
  journal={arXiv preprint arXiv:1903.08894},
  year={2019}
}

@article{gupta2019relay,
  title={Relay Policy Learning: Solving Long-Horizon Tasks via Imitation and Reinforcement Learning},
  author={Gupta, Abhishek and Kumar, Vikash and Lynch, Corey and Levine, Sergey and Hausman, Karol},
  journal={arXiv preprint arXiv:1910.11956},
  year={2019}
}

@inproceedings{osband2016deep,
  title={Deep exploration via bootstrapped DQN},
  author={Osband, Ian and Blundell, Charles and Pritzel, Alexander and Van Roy, Benjamin},
  booktitle={Advances in neural information processing systems},
  pages={4026--4034},
  year={2016}
}

@article{lagoudakis2003least,
  title={Least-squares policy iteration},
  author={Lagoudakis, Michail G and Parr, Ronald},
  journal={Journal of machine learning research},
  volume={4},
  number={Dec},
  pages={1107--1149},
  year={2003}
}

@article{sutton1991dyna,
  title={Dyna, an integrated architecture for learning, planning, and reacting},
  author={Sutton, Richard S},
  journal={ACM Sigart Bulletin},
  volume={2},
  number={4},
  pages={160--163},
  year={1991},
  publisher={ACM New York, NY, USA}
}

@inproceedings{deisenroth2011pilco,
  title={PILCO: A model-based and data-efficient approach to policy search},
  author={Deisenroth, Marc and Rasmussen, Carl E},
  booktitle={Proceedings of the 28th International Conference on machine learning (ICML-11)},
  pages={465--472},
  year={2011}
}

@article{johnson2016mimic,
  title={MIMIC-III, a freely accessible critical care database},
  author={Johnson, Alistair EW and Pollard, Tom J and Shen, Lu and Li-wei, H Lehman and Feng, Mengling and Ghassemi, Mohammad and Moody, Benjamin and Szolovits, Peter and Celi, Leo Anthony and Mark, Roger G},
  journal={Scientific data},
  volume={3},
  pages={160035},
  year={2016},
  publisher={Nature Publishing Group}
}

@inproceedings{guez2008adaptive,
  title={Adaptive Treatment of Epilepsy via Batch-mode Reinforcement Learning.},
  author={Guez, Arthur and Vincent, Robert D and Avoli, Massimo and Pineau, Joelle},
  booktitle={AAAI},
  pages={1671--1678},
  year={2008}
}

@article{pipps,
  title={PIPPS: Flexible model-based policy search robust to the curse of chaos},
  author={Parmas, Paavo and Rasmussen, Carl Edward and Peters, Jan and Doya, Kenji},
  journal={arXiv preprint arXiv:1902.01240},
  year={2019}
}

@article{simpl,
  title={Model-based reinforcement learning for atari},
  author={Kaiser, Lukasz and Babaeizadeh, Mohammad and Milos, Piotr and Osinski, Blazej and Campbell, Roy H and Czechowski, Konrad and Erhan, Dumitru and Finn, Chelsea and Kozakowski, Piotr and Levine, Sergey and others},
  journal={arXiv preprint arXiv:1903.00374},
  year={2019}
}

@inproceedings{mbpo,
  title={When to trust your model: Model-based policy optimization},
  author={Janner, Michael and Fu, Justin and Zhang, Marvin and Levine, Sergey},
  booktitle={Advances in Neural Information Processing Systems},
  pages={12498--12509},
  year={2019}
}

@article{raghu2017deep,
  title={Deep reinforcement learning for sepsis treatment},
  author={Raghu, Aniruddh and Komorowski, Matthieu and Ahmed, Imran and Celi, Leo and Szolovits, Peter and Ghassemi, Marzyeh},
  journal={arXiv preprint arXiv:1711.09602},
  year={2017}
}

@article{prasad2017reinforcement,
  title={A reinforcement learning approach to weaning of mechanical ventilation in intensive care units},
  author={Prasad, Niranjani and Cheng, Li-Fang and Chivers, Corey and Draugelis, Michael and Engelhardt, Barbara E},
  journal={arXiv preprint arXiv:1704.06300},
  year={2017}
}

@inproceedings{swaminathan2017off,
  title={Off-policy evaluation for slate recommendation},
  author={Swaminathan, Adith and Krishnamurthy, Akshay and Agarwal, Alekh and Dudik, Miro and Langford, John and Jose, Damien and Zitouni, Imed},
  booktitle={Advances in Neural Information Processing Systems},
  pages={3632--3642},
  year={2017}
}

@inproceedings{osband2017posterior,
  title={Why is posterior sampling better than optimism for reinforcement learning?},
  author={Osband, Ian and Van Roy, Benjamin},
  booktitle={Proceedings of the 34th International Conference on Machine Learning-Volume 70},
  pages={2701--2710},
  year={2017},
  organization={JMLR. org}
}

@article{peng2019awr,
  title={Advantage-Weighted Regression: Simple and Scalable Off-Policy Reinforcement Learning},
  author={Peng, Xue Bin and Kumar, Aviral and Zhang, Grace and Levine, Sergey},
  journal={arXiv preprint arXiv:1910.00177},
  year={2019}
}

@article{sriperumbudur2009integral,
  title={On integral probability metrics,$\backslash$phi-divergences and binary classification},
  author={Sriperumbudur, Bharath K and Fukumizu, Kenji and Gretton, Arthur and Sch{\"o}lkopf, Bernhard and Lanckriet, Gert RG},
  journal={arXiv preprint arXiv:0901.2698},
  year={2009}
}

@article{fujimoto2018off,
  title={Off-policy deep reinforcement learning without exploration},
  author={Fujimoto, Scott and Meger, David and Precup, Doina},
  journal={arXiv preprint arXiv:1812.02900},
  year={2018}
}

@article{siegel2020keep,
  title={Keep Doing What Worked: Behavioral Modelling Priors for Offline Reinforcement Learning},
  author={Siegel, Noah Y and Springenberg, Jost Tobias and Berkenkamp, Felix and Abdolmaleki, Abbas and Neunert, Michael and Lampe, Thomas and Hafner, Roland and Riedmiller, Martin},
  journal={arXiv preprint arXiv:2002.08396},
  year={2020}
}

@inproceedings{nowozin2016f,
  title={f-gan: Training generative neural samplers using variational divergence minimization},
  author={Nowozin, Sebastian and Cseke, Botond and Tomioka, Ryota},
  booktitle={Advances in neural information processing systems},
  pages={271--279},
  year={2016}
}

@article{wu2019domain,
  title={Domain adaptation with asymmetrically-relaxed distribution alignment},
  author={Wu, Yifan and Winston, Ezra and Kaushik, Divyansh and Lipton, Zachary},
  journal={arXiv preprint arXiv:1903.01689},
  year={2019}
}

@inproceedings{sutton2009fastgtd,
  title={Fast gradient-descent methods for temporal-difference learning with linear function approximation},
  author={Sutton, Richard S and Maei, Hamid Reza and Precup, Doina and Bhatnagar, Shalabh and Silver, David and Szepesv{\'a}ri, Csaba and Wiewiora, Eric},
  booktitle={Proceedings of the 26th Annual International Conference on Machine Learning},
  pages={993--1000},
  year={2009}
}


@article{alphastar,
  title={Mastering the Real-Time Strategy Game StarCraft II},
  author={AlphaStar, DeepMind},
  journal={URL: https://deepmind. com/blog/alphastar-mastering-real-time-strategy-game-starcraft-ii}
}

@article{lu2018general,
  title={A General Family of Robust Stochastic Operators for Reinforcement Learning},
  author={Lu, Yingdong and Squillante, Mark S and Wu, Chai Wah},
  journal={arXiv preprint arXiv:1805.08122},
  year={2018}
}

@inproceedings{
Zhang2020GenDICE:,
title={GenDICE: Generalized Offline Estimation of Stationary Values},
author={Ruiyi Zhang and Bo Dai and Lihong Li and Dale Schuurmans},
booktitle={International Conference on Learning Representations},
year={2020},
url={https://openreview.net/forum?id=HkxlcnVFwB}
}

@inproceedings{imagenet,
  title={Imagenet: A large-scale hierarchical image database},
  author={Deng, Jia and Dong, Wei and Socher, Richard and Li, Li-Jia and Li, Kai and Fei-Fei, Li},
  booktitle={2009 IEEE conference on computer vision and pattern recognition},
  pages={248--255},
  year={2009},
  organization={Ieee}
}

@inproceedings{resnet,
  title={Deep residual learning for image recognition},
  author={He, Kaiming and Zhang, Xiangyu and Ren, Shaoqing and Sun, Jian},
  booktitle={Proceedings of the IEEE conference on computer vision and pattern recognition},
  pages={770--778},
  year={2016}
}

@article{bert,
  title={Bert: Pre-training of deep bidirectional transformers for language understanding},
  author={Devlin, Jacob and Chang, Ming-Wei and Lee, Kenton and Toutanova, Kristina},
  journal={arXiv preprint arXiv:1810.04805},
  year={2018}
}

@inproceedings{bellemare2016increasing,
  title={Increasing the action gap: New operators for reinforcement learning},
  author={Bellemare, Marc G and Ostrovski, Georg and Guez, Arthur and Thomas, Philip S and Munos, R{\'e}mi},
  booktitle={Thirtieth AAAI Conference on Artificial Intelligence},
  year={2016}
}

@inproceedings{rajeswaran2018dapg,
  title={Learning complex dexterous manipulation with deep reinforcement learning and demonstrations},
  author={Rajeswaran, Aravind and Kumar, Vikash and Gupta, Abhishek and Vezzani, Giulia and Schulman, John and Todorov, Emanuel and Levine, Sergey},
  booktitle={Robotics: Science and Systems},
  year={2018}
}

@inproceedings{hester2018deep,
  title={Deep q-learning from demonstrations},
  author={Hester, Todd and Vecerik, Matej and Pietquin, Olivier and Lanctot, Marc and Schaul, Tom and Piot, Bilal and Horgan, Dan and Quan, John and Sendonaris, Andrew and Osband, Ian and others},
  booktitle={Thirty-Second AAAI Conference on Artificial Intelligence},
  year={2018}
}

@article{vecerik2017leveraging,
  title={Leveraging demonstrations for deep reinforcement learning on robotics problems with sparse rewards},
  author={Vecerik, Mel and Hester, Todd and Scholz, Jonathan and Wang, Fumin and Pietquin, Olivier and Piot, Bilal and Heess, Nicolas and Roth{\"o}rl, Thomas and Lampe, Thomas and Riedmiller, Martin},
  journal={arXiv preprint arXiv:1707.08817},
  year={2017}
}

@article{bellemare2013arcade,
  title={The arcade learning environment: An evaluation platform for general agents},
  author={Bellemare, Marc G and Naddaf, Yavar and Veness, Joel and Bowling, Michael},
  journal={Journal of Artificial Intelligence Research},
  volume={47},
  pages={253--279},
  year={2013}
}

@inproceedings{dabney2018distributional,
  title={Distributional reinforcement learning with quantile regression},
  author={Dabney, Will and Rowland, Mark and Bellemare, Marc G and Munos, R{\'e}mi},
  booktitle={Thirty-Second AAAI Conference on Artificial Intelligence},
  year={2018}
}

@misc{
sachdeva2020offpolicy,
title={Off-policy Bandits with Deficient Support},
author={Noveen Sachdeva and Yi Su and Thorsten Joachims},
year={2020},
url={https://openreview.net/forum?id=SklcyJBtvB}
}

@inproceedings{li2010contextual,
  title={A contextual-bandit approach to personalized news article recommendation},
  author={Li, Lihong and Chu, Wei and Langford, John and Schapire, Robert E},
  booktitle={Proceedings of the 19th international conference on World wide web},
  pages={661--670},
  year={2010}
}

@article{o2018variational,
  title={Variational Bayesian reinforcement learning with regret bounds},
  author={O'Donoghue, Brendan},
  journal={arXiv preprint arXiv:1807.09647},
  year={2018}
}

@inproceedings{hasselt2010double,
  title={Double Q-learning},
  author={Hasselt, Hado V},
  booktitle={Advances in neural information processing systems},
  pages={2613--2621},
  year={2010}
}

@article{burda2018exploration,
  title={Exploration by random network distillation},
  author={Burda, Yuri and Edwards, Harrison and Storkey, Amos and Klimov, Oleg},
  journal={arXiv preprint arXiv:1810.12894},
  year={2018}
}

@InProceedings{fujimoto2018addressing,
  title = 	 {Addressing Function Approximation Error in Actor-Critic Methods},
  author = 	 {Fujimoto, Scott and van Hoof, Herke and Meger, David},
  booktitle = 	 {International Conference on Machine Learning (ICML)},
  pages = 	 {1587--1596},
  year = 	 {2018},
}

@misc{d4rl_repo,
title = {D4RL: Datasets for Data-Driven Deep Reinforcement Learning},
author = {Fu, Justin and Kumar, Aviral and Nachum, Ofir and Tucker, George and Levine, Sergey},
note = {Github repository},
year = {2020},
howpublished  = {\url{https://github.com/rail-berkeley/d4rl/wiki/New-Franka-Kitchen-Tasks}}
}



@inproceedings{blanc2020implicit,
  title={Implicit regularization for deep neural networks driven by an ornstein-uhlenbeck like process},
  author={Blanc, Guy and Gupta, Neha and Valiant, Gregory and Valiant, Paul},
  booktitle={Conference on learning theory},
  pages={483--513},
  year={2020},
  organization={PMLR}
}

@article{furuichi2004fundamental,
  title={Fundamental properties of Tsallis relative entropy},
  author={Furuichi, Shigeru and Yanagi, Kenjiro and Kuriyama, Ken},
  journal={Journal of Mathematical Physics},
  volume={45},
  number={12},
  pages={4868--4877},
  year={2004},
  publisher={American Institute of Physics}
}

@inproceedings{namkoong2017variance,
  title={Variance-based regularization with convex objectives},
  author={Namkoong, Hongseok and Duchi, John C},
  booktitle={Advances in neural information processing systems},
  pages={2971--2980},
  year={2017}
}

@inproceedings{tamar2014scaling,
  title={Scaling up robust MDPs using function approximation},
  author={Tamar, Aviv and Mannor, Shie and Xu, Huan},
  booktitle={International Conference on Machine Learning},
  pages={181--189},
  year={2014}
}

@article{nair2020accelerating,
  title={Accelerating Online Reinforcement Learning with Offline Datasets},
  author={Nair, Ashvin and Dalal, Murtaza and Gupta, Abhishek and Levine, Sergey},
  journal={arXiv preprint arXiv:2006.09359},
  year={2020}
}

@inproceedings{nilim2004robustness,
  title={Robustness in Markov decision problems with uncertain transition matrices},
  author={Nilim, Arnab and El Ghaoui, Laurent},
  booktitle={Advances in neural information processing systems},
  pages={839--846},
  year={2004}
}

@article{russel2018tight,
  title={Tight bayesian ambiguity sets for robust MDPs},
  author={Russel, Reazul Hasan and Petrik, Marek},
  journal={arXiv preprint arXiv:1811.06512},
  year={2018}
}

@article{iyengar2005robust,
  title={Robust dynamic programming},
  author={Iyengar, Garud N},
  journal={Mathematics of Operations Research},
  volume={30},
  number={2},
  pages={257--280},
  year={2005},
  publisher={INFORMS}
}

@inproceedings{ghavamzadeh2016safe,
  title={Safe policy improvement by minimizing robust baseline regret},
  author={Petrik, Marek and Ghavamzadeh, Mohammad and Chow, Yinlam},
  booktitle={Advances in Neural Information Processing Systems},
  pages={2298--2306},
  year={2016}
}

@inproceedings{strehl2010learning,
  title={Learning from logged implicit exploration data},
  author={Strehl, Alex and Langford, John and Li, Lihong and Kakade, Sham M},
  booktitle={Advances in Neural Information Processing Systems},
  pages={2217--2225},
  year={2010}
}

@article{simao2019safe,
  title={Safe Policy Improvement with an Estimated Baseline Policy},
  author={Sim{\~a}o, Thiago D and Laroche, Romain and Combes, R{\'e}mi Tachet des},
  journal={arXiv preprint arXiv:1909.05236},
  year={2019}
}

@article{laroche2017safe,
  title={Safe policy improvement with baseline bootstrapping},
  author={Laroche, Romain and Trichelair, Paul and Combes, R{\'e}mi Tachet des},
  journal={arXiv preprint arXiv:1712.06924},
  year={2017}
}

@article{nachum2019algaedice,
  title={AlgaeDICE: Policy Gradient from Arbitrary Experience},
  author={Nachum, Ofir and Dai, Bo and Kostrikov, Ilya and Chow, Yinlam and Li, Lihong and Schuurmans, Dale},
  journal={arXiv preprint arXiv:1912.02074},
  year={2019}
}

@article{brac,
  title={Behavior Regularized Offline Reinforcement Learning},
  author={Wu, Yifan and Tucker, George and Nachum, Ofir},
  journal={arXiv preprint arXiv:1911.11361},
  year={2019}
}

@article{jaksch2010near,
  title={Near-optimal regret bounds for reinforcement learning},
  author={Jaksch, Thomas and Ortner, Ronald and Auer, Peter},
  journal={Journal of Machine Learning Research},
  volume={11},
  number={Apr},
  pages={1563--1600},
  year={2010}
}

@inproceedings{o2018uncertainty,
  title={The Uncertainty Bellman Equation and Exploration},
  author={O’Donoghue, Brendan and Osband, Ian and Munos, Remi and Mnih, Volodymyr},
  booktitle={International Conference on Machine Learning},
  pages={3836--3845},
  year={2018}
}

@inproceedings{gilotte2018offline,
  title={Offline a/b testing for recommender systems},
  author={Gilotte, Alexandre and Calauz{\`e}nes, Cl{\'e}ment and Nedelec, Thomas and Abraham, Alexandre and Doll{\'e}, Simon},
  booktitle={Proceedings of the Eleventh ACM International Conference on Web Search and Data Mining},
  pages={198--206},
  year={2018}
}

@article{bottou2013counterfactual,
  title={Counterfactual reasoning and learning systems: The example of computational advertising},
  author={Bottou, L{\'e}on and Peters, Jonas and Qui{\~n}onero-Candela, Joaquin and Charles, Denis X and Chickering, D Max and Portugaly, Elon and Ray, Dipankar and Simard, Patrice and Snelson, Ed},
  journal={The Journal of Machine Learning Research},
  volume={14},
  number={1},
  pages={3207--3260},
  year={2013},
  publisher={JMLR. org}
}

@inproceedings{theocharous2015personalized,
  title={Personalized ad recommendation systems for life-time value optimization with guarantees},
  author={Theocharous, Georgios and Thomas, Philip S and Ghavamzadeh, Mohammad},
  booktitle={Twenty-Fourth International Joint Conference on Artificial Intelligence},
  year={2015}
}


@article{henderson2008hybrid,
  title={Hybrid reinforcement/supervised learning of dialogue policies from fixed data sets},
  author={Henderson, James and Lemon, Oliver and Georgila, Kallirroi},
  journal={Computational Linguistics},
  volume={34},
  number={4},
  pages={487--511},
  year={2008},
  publisher={MIT Press}
}


@inproceedings{tesauro2006hybrid,
  title={A hybrid reinforcement learning approach to autonomic resource allocation},
  author={Tesauro, Gerald and Jong, Nicholas K and Das, Rajarshi and Bennani, Mohamed N},
  booktitle={2006 IEEE International Conference on Autonomic Computing},
  pages={65--73},
  year={2006},
  organization={IEEE}
}

@inproceedings{nazari2018reinforcement,
  title={Reinforcement learning for solving the vehicle routing problem},
  author={Nazari, Mohammadreza and Oroojlooy, Afshin and Snyder, Lawrence and Tak{\'a}c, Martin},
  booktitle={Advances in Neural Information Processing Systems},
  pages={9839--9849},
  year={2018}
}

@article{balaji2010urban,
  title={Urban traffic signal control using reinforcement learning agents},
  author={Balaji, PG and German, X and Srinivasan, Dipti},
  journal={IET Intelligent Transport Systems},
  volume={4},
  number={3},
  pages={177--188},
  year={2010},
  publisher={IET}
}

@inproceedings{hein2017industrial,
  title={Batch reinforcement learning on the industrial benchmark: First experiences},
  author={Hein, Daniel and Udluft, Steffen and Tokic, Michel and Hentschel, Alexander and Runkler, Thomas A and Sterzing, Volkmar},
  booktitle={2017 International Joint Conference on Neural Networks (IJCNN)},
  pages={4214--4221},
  year={2017},
  organization={IEEE}
}

@article{degris2012off,
  title={Off-policy actor-critic},
  author={Degris, Thomas and White, Martha and Sutton, Richard S},
  journal={arXiv preprint arXiv:1205.4839},
  year={2012}
}

@article{wang2016sample,
  title={Sample efficient actor-critic with experience replay},
  author={Wang, Ziyu and Bapst, Victor and Heess, Nicolas and Mnih, Volodymyr and Munos, Remi and Kavukcuoglu, Koray and de Freitas, Nando},
  journal={arXiv preprint arXiv:1611.01224},
  year={2016}
}

@inproceedings{achiam2017constrained,
  title={Constrained policy optimization},
  author={Achiam, Joshua and Held, David and Tamar, Aviv and Abbeel, Pieter},
  booktitle={Proceedings of the 34th International Conference on Machine Learning-Volume 70},
  pages={22--31},
  year={2017},
  organization={JMLR. org}
}


@inproceedings{schulman2015trust,
  title={Trust region policy optimization},
  author={Schulman, John and Levine, Sergey and Abbeel, Pieter and Jordan, Michael and Moritz, Philipp},
  booktitle={International conference on machine learning},
  pages={1889--1897},
  year={2015}
}

@article{fu2019diagnosing,
  title={Diagnosing bottlenecks in deep {Q}-learning algorithms},
  author={Fu, Justin and Kumar, Aviral and Soh, Matthew and Levine, Sergey},
  journal={arXiv preprint arXiv:1902.10250},
  year={2019}
}

@inproceedings{imani2018off,
  title={An off-policy policy gradient theorem using emphatic weightings},
  author={Imani, Ehsan and Graves, Eric and White, Martha},
  booktitle={Advances in Neural Information Processing Systems},
  pages={96--106},
  year={2018}
}

@inproceedings{silver2014deterministic,
  title={Deterministic policy gradient algorithms},
  author={Silver, David and Lever, Guy and Heess, Nicolas and Degris, Thomas and Wierstra, Daan and Riedmiller, Martin},
  year={2014}
}

@article{lillicrap2015continuous,
  title={Continuous control with deep reinforcement learning},
  author={Lillicrap, Timothy P and Hunt, Jonathan J and Pritzel, Alexander and Heess, Nicolas and Erez, Tom and Tassa, Yuval and Silver, David and Wierstra, Daan},
  journal={arXiv preprint arXiv:1509.02971},
  year={2015}
}

@inproceedings{gu2017interpolated,
  title={Interpolated policy gradient: Merging on-policy and off-policy gradient estimation for deep reinforcement learning},
  author={Gu, Shixiang Shane and Lillicrap, Timothy and Turner, Richard E and Ghahramani, Zoubin and Sch{\"o}lkopf, Bernhard and Levine, Sergey},
  booktitle={Advances in neural information processing systems},
  pages={3846--3855},
  year={2017}
}

@inproceedings{gelada2019off,
  title={Off-policy deep reinforcement learning by bootstrapping the covariate shift},
  author={Gelada, Carles and Bellemare, Marc G},
  booktitle={Proceedings of the AAAI Conference on Artificial Intelligence},
  volume={33},
  pages={3647--3655},
  year={2019}
}

@article{gabel2008adaptive,
  title={Adaptive reactive job-shop scheduling with reinforcement learning agents},
  author={Gabel, Thomas and Riedmiller, Martin},
  journal={International Journal of Information Technology and Intelligent Computing},
  volume={24},
  number={4},
  pages={14--18},
  year={2008},
  publisher={Citeseer}
}

@article{precup2000eligibility,
  title={Eligibility traces for off-policy policy evaluation},
  author={Precup, Doina},
  journal={Computer Science Department Faculty Publication Series},
  pages={80},
  year={2000}
}

@article{peshkin2002learning,
  title={Learning from scarce experience},
  author={Peshkin, Leonid and Shelton, Christian R},
  journal={arXiv preprint cs/0204043},
  year={2002}
}

@inproceedings{precup2001off,
  title={Off-policy temporal-difference learning with function approximation},
  author={Precup, Doina and Sutton, Richard S and Dasgupta, Sanjoy},
  booktitle={ICML},
  pages={417--424},
  year={2001}
}

@inproceedings{hallak2017consistent,
  title={Consistent on-line off-policy evaluation},
  author={Hallak, Assaf and Mannor, Shie},
  booktitle={Proceedings of the 34th International Conference on Machine Learning-Volume 70},
  pages={1372--1383},
  year={2017},
  organization={JMLR. org}
}

@inproceedings{thomas2016data,
  title={Data-efficient off-policy policy evaluation for reinforcement learning},
  author={Thomas, Philip and Brunskill, Emma},
  booktitle={International Conference on Machine Learning},
  pages={2139--2148},
  year={2016}
}

@inproceedings{wang2017optimal,
  title={Optimal and adaptive off-policy evaluation in contextual bandits},
  author={Wang, Yu-Xiang and Agarwal, Alekh and Dudik, Miroslav},
  booktitle={Proceedings of the 34th International Conference on Machine Learning-Volume 70},
  pages={3589--3597},
  year={2017},
  organization={JMLR. org}
}

@article{jiang2015doubly,
  title={Doubly robust off-policy value evaluation for reinforcement learning},
  author={Jiang, Nan and Li, Lihong},
  journal={arXiv preprint arXiv:1511.03722},
  year={2015}
}

@article{farajtabar2018more,
  title={More robust doubly robust off-policy evaluation},
  author={Farajtabar, Mehrdad and Chow, Yinlam and Ghavamzadeh, Mohammad},
  journal={arXiv preprint arXiv:1802.03493},
  year={2018}
}

@inproceedings{thomas2015high,
  title={High confidence policy improvement},
  author={Thomas, Philip and Theocharous, Georgios and Ghavamzadeh, Mohammad},
  booktitle={International Conference on Machine Learning},
  pages={2380--2388},
  year={2015}
}


@inproceedings{scherrer2014approximate,
  title={Approximate policy iteration schemes: a comparison},
  author={Scherrer, Bruno},
  booktitle={International Conference on Machine Learning},
  pages={1314--1322},
  year={2014}
}


@article{xie2020q,
  title={Q* Approximation Schemes for Batch Reinforcement Learning: A eoretical Comparison},
  author={Xie, Tengyang and Jiang, Nan},
  year={2020}
}

@inproceedings{hanna2017bootstrapping,
  title={Bootstrapping with models: Confidence intervals for off-policy evaluation},
  author={Hanna, Josiah P and Stone, Peter and Niekum, Scott},
  booktitle={Thirty-First AAAI Conference on Artificial Intelligence},
  year={2017}
}

@inproceedings{thomas2015higheval,
  title={High-confidence off-policy evaluation},
  author={Thomas, Philip S and Theocharous, Georgios and Ghavamzadeh, Mohammad},
  booktitle={Twenty-Ninth AAAI Conference on Artificial Intelligence},
  year={2015}
}


@article{gu2016q,
  title={Q-prop: Sample-efficient policy gradient with an off-policy critic},
  author={Gu, Shixiang and Lillicrap, Timothy and Ghahramani, Zoubin and Turner, Richard E and Levine, Sergey},
  journal={arXiv preprint arXiv:1611.02247},
  year={2016}
}

@article{nadjahi2019safe,
  title={Safe Policy Improvement with Soft Baseline Bootstrapping},
  author={Nadjahi, Kimia and Laroche, Romain and Combes, R{\'e}mi Tachet des},
  journal={arXiv preprint arXiv:1907.05079},
  year={2019}
}

@article{cheng2019trajectory,
  title={Trajectory-wise control variates for variance reduction in policy gradient methods},
  author={Cheng, Ching-An and Yan, Xinyan and Boots, Byron},
  journal={arXiv preprint arXiv:1908.03263},
  year={2019}
}

@article{pankov2018reward,
  title={Reward-estimation variance elimination in sequential decision processes},
  author={Pankov, Sergey},
  journal={arXiv preprint arXiv:1811.06225},
  year={2018}
}

@article{huang2019importance,
  title={From Importance Sampling to Doubly Robust Policy Gradient},
  author={Huang, Jiawei and Jiang, Nan},
  journal={arXiv preprint arXiv:1910.09066},
  year={2019}
}

@article{sutton2016emphatic,
  title={An emphatic approach to the problem of off-policy temporal-difference learning},
  author={Sutton, Richard S and Mahmood, A Rupam and White, Martha},
  journal={The Journal of Machine Learning Research},
  volume={17},
  number={1},
  pages={2603--2631},
  year={2016},
  publisher={JMLR. org}
}

@inproceedings{yu2015convergence,
  title={On convergence of emphatic temporal-difference learning},
  author={Yu, Huizhen},
  booktitle={Conference on Learning Theory},
  pages={1724--1751},
  year={2015}
}

@inproceedings{hallak2016generalized,
  title={Generalized emphatic temporal difference learning: Bias-variance analysis},
  author={Hallak, Assaf and Tamar, Aviv and Munos, R{\'e}mi and Mannor, Shie},
  booktitle={Thirtieth AAAI Conference on Artificial Intelligence},
  year={2016}
}

@inproceedings{zhang2019generalized,
  title={Generalized off-policy actor-critic},
  author={Zhang, Shangtong and Boehmer, Wendelin and Whiteson, Shimon},
  booktitle={Advances in Neural Information Processing Systems},
  pages={1999--2009},
  year={2019}
}


@article{fu2021benchmarks,
  title={Benchmarks for deep off-policy evaluation},
  author={Fu, Justin and Norouzi, Mohammad and Nachum, Ofir and Tucker, George and Wang, Ziyu and Novikov, Alexander and Yang, Mengjiao and Zhang, Michael R and Chen, Yutian and Kumar, Aviral and others},
  journal={arXiv preprint arXiv:2103.16596},
  year={2021}
}

@inproceedings{ghasemipour2021emaq,
  title={Emaq: Expected-max q-learning operator for simple yet effective offline and online rl},
  author={Ghasemipour, Seyed Kamyar Seyed and Schuurmans, Dale and Gu, Shixiang Shane},
  booktitle={International Conference on Machine Learning},
  pages={3682--3691},
  year={2021},
  organization={PMLR}
}

@article{hallak2015emphatic,
  title={Emphatic TD Bellman Operator is a Contraction},
  author={Hallak, Assaf and Tamar, Aviv and Mannor, Shie},
  journal={arXiv preprint arXiv:1508.03411},
  year={2015}
}

@inproceedings{liu2018breaking,
  title={Breaking the curse of horizon: Infinite-horizon off-policy estimation},
  author={Liu, Qiang and Li, Lihong and Tang, Ziyang and Zhou, Dengyong},
  booktitle={Advances in Neural Information Processing Systems},
  pages={5356--5366},
  year={2018}
}

@article{liu2019off,
  title={Off-policy policy gradient with state distribution correction},
  author={Liu, Yao and Swaminathan, Adith and Agarwal, Alekh and Brunskill, Emma},
  journal={arXiv preprint arXiv:1904.08473},
  year={2019}
}

@article{mousavi2020black,
  title={Black-box Off-policy Estimation for Infinite-Horizon Reinforcement Learning},
  author={Mousavi, Ali and Li, Lihong and Liu, Qiang and Zhou, Denny},
  journal={arXiv preprint arXiv:2003.11126},
  year={2020}
}

@article{kallus2019efficiently,
  title={Efficiently breaking the curse of horizon: Double reinforcement learning in infinite-horizon processes},
  author={Kallus, Nathan and Uehara, Masatoshi},
  journal={arXiv preprint arXiv:1909.05850},
  year={2019}
}

@inproceedings{kallus2019intrinsically,
  title={Intrinsically efficient, stable, and bounded off-policy evaluation for reinforcement learning},
  author={Kallus, Nathan and Uehara, Masatoshi},
  booktitle={Advances in Neural Information Processing Systems},
  pages={3320--3329},
  year={2019}
}

@article{uehara2019minimax,
  title={Minimax Weight and Q-Function Learning for Off-Policy Evaluation},
  author={Uehara, Masatoshi and Jiang, Nan},
  journal={arXiv preprint arXiv:1910.12809},
  year={2019}
}

@article{tang2019doubly,
  title={Doubly robust bias reduction in infinite horizon off-policy estimation},
  author={Tang, Ziyang and Feng, Yihao and Li, Lihong and Zhou, Dengyong and Liu, Qiang},
  journal={arXiv preprint arXiv:1910.07186},
  year={2019}
}

@book{puterman2014markov,
  title={Markov decision processes: discrete stochastic dynamic programming},
  author={Puterman, Martin L},
  year={2014},
  publisher={John Wiley \& Sons}
}

@article{dai2017boosting,
  title={Boosting the actor with dual critic},
  author={Dai, Bo and Shaw, Albert and He, Niao and Li, Lihong and Song, Le},
  journal={arXiv preprint arXiv:1712.10282},
  year={2017}
}

@article{wang2021instabilities,
  title={Instabilities of Offline RL with Pre-Trained Neural Representation},
  author={Wang, Ruosong and Wu, Yifan and Salakhutdinov, Ruslan and Kakade, Sham M},
  journal={arXiv preprint arXiv:2103.04947},
  year={2021}
}

@article{jin2020pessimism,
  title={Is Pessimism Provably Efficient for Offline RL?},
  author={Jin, Ying and Yang, Zhuoran and Wang, Zhaoran},
  journal={arXiv preprint arXiv:2012.15085},
  year={2020}
}

@article{dai2017sbeed,
  title={SBEED: Convergent reinforcement learning with nonlinear function approximation},
  author={Dai, Bo and Shaw, Albert and Li, Lihong and Xiao, Lin and He, Niao and Liu, Zhen and Chen, Jianshu and Song, Le},
  journal={arXiv preprint arXiv:1712.10285},
  year={2017}
}

@article{chen2016stochastic,
  title={Stochastic primal-dual methods and sample complexity of reinforcement learning},
  author={Chen, Yichen and Wang, Mengdi},
  journal={arXiv preprint arXiv:1612.02516},
  year={2016}
}

@inproceedings{wang2016online,
  title={An online primal-dual method for discounted markov decision processes},
  author={Wang, Mengdi and Chen, Yichen},
  booktitle={2016 IEEE 55th Conference on Decision and Control (CDC)},
  pages={4516--4521},
  year={2016},
  organization={IEEE}
}

@inproceedings{
kumar2021implicit,
title={Implicit Under-Parameterization Inhibits Data-Efficient Deep Reinforcement Learning},
author={Aviral Kumar and Rishabh Agarwal and Dibya Ghosh and Sergey Levine},
booktitle={International Conference on Learning Representations},
year={2021},
url={https://openreview.net/forum?id=O9bnihsFfXU}
}

@article{hastie2019surprises,
  title={Surprises in high-dimensional ridgeless least squares interpolation},
  author={Hastie, Trevor and Montanari, Andrea and Rosset, Saharon and Tibshirani, Ryan J},
  journal={arXiv preprint arXiv:1903.08560},
  year={2019}
}

@article{durugkar2018td,
  title={TD learning with constrained gradients},
  author={Durugkar, Ishan and Stone, Peter},
  year={2018}
}

@article{singh2020cog,
  title={COG: Connecting New Skills to Past Experience with Offline Reinforcement Learning},
  author={Singh, Avi and Yu, Albert and Yang, Jonathan and Zhang, Jesse and Kumar, Aviral and Levine, Sergey},
  journal={arXiv preprint arXiv:2010.14500},
  year={2020}
}

@inproceedings{dong2020expressivity,
  title={On the expressivity of neural networks for deep reinforcement learning},
  author={Dong, Kefan and Luo, Yuping and Yu, Tianhe and Finn, Chelsea and Ma, Tengyu},
  booktitle={International Conference on Machine Learning},
  pages={2627--2637},
  year={2020},
  organization={PMLR}
}

@inproceedings{savarese2019infinite,
  title={How do infinite width bounded norm networks look in function space?},
  author={Savarese, Pedro and Evron, Itay and Soudry, Daniel and Srebro, Nathan},
  booktitle={Conference on Learning Theory},
  pages={2667--2690},
  year={2019},
  organization={PMLR}
}

@article{dosovitskiy2020image,
  title={An image is worth 16x16 words: Transformers for image recognition at scale},
  author={Dosovitskiy, Alexey and Beyer, Lucas and Kolesnikov, Alexander and Weissenborn, Dirk and Zhai, Xiaohua and Unterthiner, Thomas and Dehghani, Mostafa and Minderer, Matthias and Heigold, Georg and Gelly, Sylvain and others},
  journal={arXiv preprint arXiv:2010.11929},
  year={2020}
}

@inproceedings{
kumar2021workflow,
title={A Workflow for Offline Model-Free Robotic Reinforcement Learning},
author={Aviral Kumar and Anikait Singh and Stephen Tian and Chelsea Finn and Sergey Levine},
booktitle={5th Annual Conference on Robot Learning },
year={2021},
url={https://openreview.net/forum?id=fy4ZBWxYbIo}
}

@inproceedings{huang2017densely,
  title={Densely connected convolutional networks},
  author={Huang, Gao and Liu, Zhuang and Van Der Maaten, Laurens and Weinberger, Kilian Q},
  booktitle={Proceedings of the IEEE conference on computer vision and pattern recognition},
  pages={4700--4708},
  year={2017}
}

@inproceedings{ghiassian2020gradient,
  title={Gradient temporal-difference learning with regularized corrections},
  author={Ghiassian, Sina and Patterson, Andrew and Garg, Shivam and Gupta, Dhawal and White, Adam and White, Martha},
  booktitle={International Conference on Machine Learning},
  pages={3524--3534},
  year={2020},
  organization={PMLR}
}

@inproceedings{gogianu2021spectral,
  title={Spectral normalisation for deep reinforcement learning: an optimisation perspective},
  author={Gogianu, Florin and Berariu, Tudor and Rosca, Mihaela C and Clopath, Claudia and Busoniu, Lucian and Pascanu, Razvan},
  booktitle={International Conference on Machine Learning},
  pages={3734--3744},
  year={2021},
  organization={PMLR}
}

@article{lee2021versions,
  title={Versions of Gradient Temporal Difference Learning},
  author={Lee, Donghwan and Lim, Han-Dong and Park, Jihoon and Choi, Okyong},
  journal={arXiv preprint arXiv:2109.04033},
  year={2021}
}

@article{cheng2022adversarially,
  title={Adversarially Trained Actor Critic for Offline Reinforcement Learning},
  author={Cheng, Ching-An and Xie, Tengyang and Jiang, Nan and Agarwal, Alekh},
  journal={arXiv preprint arXiv:2202.02446},
  year={2022}
}

@article{xie2021bellman,
  title={Bellman-consistent pessimism for offline reinforcement learning},
  author={Xie, Tengyang and Cheng, Ching-An and Jiang, Nan and Mineiro, Paul and Agarwal, Alekh},
  journal={Advances in neural information processing systems},
  volume={34},
  year={2021}
}

@inproceedings{arora2019fine,
  title={Fine-grained analysis of optimization and generalization for overparameterized two-layer neural networks},
  author={Arora, Sanjeev and Du, Simon and Hu, Wei and Li, Zhiyuan and Wang, Ruosong},
  booktitle={International Conference on Machine Learning},
  pages={322--332},
  year={2019},
  organization={PMLR}
}

@article{du2018gradient,
  title={Gradient descent provably optimizes over-parameterized neural networks},
  author={Du, Simon S and Zhai, Xiyu and Poczos, Barnabas and Singh, Aarti},
  journal={arXiv preprint arXiv:1810.02054},
  year={2018}
}

@article{kostrikov2020image,
  title={Image augmentation is all you need: Regularizing deep reinforcement learning from pixels},
  author={Kostrikov, Ilya and Yarats, Denis and Fergus, Rob},
  journal={arXiv preprint arXiv:2004.13649},
  year={2020}
}

@article{kumar2021dr3,
  title={{DR3: Value-Based Deep Reinforcement Learning Requires Explicit Regularization}},
  author={Kumar, Aviral and Agarwal, Rishabh and Ma, Tengyu and Courville, Aaron and Tucker, George and Levine, Sergey},
  journal={arXiv preprint arXiv:2112.04716},
  year={2021}
}

@article{pohlen2018observe,
  title={Observe and look further: Achieving consistent performance on atari},
  author={Pohlen, Tobias and Piot, Bilal and Hester, Todd and Azar, Mohammad Gheshlaghi and Horgan, Dan and Budden, David and Barth-Maron, Gabriel and Van Hasselt, Hado and Quan, John and Ve{\v{c}}er{\'\i}k, Mel and others},
  journal={arXiv preprint arXiv:1805.11593},
  year={2018}
}

@article{chowdhery2022palm,
  title={Palm: Scaling language modeling with pathways},
  author={Chowdhery, Aakanksha and Narang, Sharan and Devlin, Jacob and Bosma, Maarten and Mishra, Gaurav and Roberts, Adam and Barham, Paul and Chung, Hyung Won and Sutton, Charles and Gehrmann, Sebastian and others},
  journal={arXiv preprint arXiv:2204.02311},
  year={2022}
}


@article{zanette2020exponential,
  title={Exponential Lower Bounds for Batch Reinforcement Learning: Batch RL can be Exponentially Harder than Online RL},
  author={Zanette, Andrea},
  journal={arXiv preprint arXiv:2012.08005},
  year={2020}
}

@article{yu2020mopo,
  title={Mopo: Model-based offline policy optimization},
  author={Yu, Tianhe and Thomas, Garrett and Yu, Lantao and Ermon, Stefano and Zou, James and Levine, Sergey and Finn, Chelsea and Ma, Tengyu},
  journal={arXiv:2005.13239},
  year={2020}
}

@inproceedings{
wang2021what,
title={What are the Statistical Limits of Offline {\{}RL{\}} with Linear Function Approximation?},
author={Ruosong Wang and Dean Foster and Sham M. Kakade},
booktitle={International Conference on Learning Representations},
year={2021},
url={https://openreview.net/forum?id=30EvkP2aQLD}
}


@inproceedings{duan2020minimax,
  title={Minimax-optimal off-policy evaluation with linear function approximation},
  author={Duan, Yaqi and Jia, Zeyu and Wang, Mengdi},
  booktitle={International Conference on Machine Learning},
  pages={2701--2709},
  year={2020},
  organization={PMLR}
}

@article{lee2018stochastic,
  title={Stochastic primal-dual Q-learning},
  author={Lee, Donghwan and He, Niao},
  journal={arXiv preprint arXiv:1810.08298},
  year={2018}
}

@inproceedings{swaminathan2015counterfactual,
  title={Counterfactual risk minimization: Learning from logged bandit feedback},
  author={Swaminathan, Adith and Joachims, Thorsten},
  booktitle={International Conference on Machine Learning},
  pages={814--823},
  year={2015}
}

@article{hayes2005large,
  title={A large-deviation inequality for vector-valued martingales},
  author={Hayes, Thomas P},
  journal={Combinatorics, Probability and Computing},
  year={2005}
}

@article{McGeer01041990,
  author = {McGeer, Tad}, 
  title = {\href{http://ijr.sagepub.com/content/9/2/62.abstract}{Passive Dynamic Walking}}, 
  volume = {9}, 
  number = {2}, 
  pages = {62-82}, 
  year = {1990}, 
  doi = {10.1177/027836499000900206}, 
  URL = {http://ijr.sagepub.com/content/9/2/62.abstract}, 
  eprint = {http://ijr.sagepub.com/content/9/2/62.full.pdf+html}, 
  journal = {The International Journal of Robotics Research}
}

@article{kalman1960new,
  title={A new approach to linear filtering and prediction problems},
  author={Kalman, R.E.},
  journal={Journal of Basic Engineering},
  volume={82},
  number={1},
  pages={35--45},
  year={1960},
  publisher={Citeseer}
}

@article{ghosh2021generalization,
  title={Why generalization in rl is difficult: Epistemic pomdps and implicit partial observability},
  author={Ghosh, Dibya and Rahme, Jad and Kumar, Aviral and Zhang, Amy and Adams, Ryan P and Levine, Sergey},
  journal={Advances in Neural Information Processing Systems},
  volume={34},
  year={2021}
}

@inproceedings{cobbe2020leveraging,
  title={Leveraging procedural generation to benchmark reinforcement learning},
  author={Cobbe, Karl and Hesse, Chris and Hilton, Jacob and Schulman, John},
  booktitle={International conference on machine learning},
  pages={2048--2056},
  year={2020},
  organization={PMLR}
}

@article{sharma2021autonomoussubgoal,
  title={Autonomous Reinforcement Learning via Subgoal Curricula},
  author={Sharma, Archit and Gupta, Abhishek and Levine, Sergey and Hausman, Karol and Finn, Chelsea},
  journal={Advances in Neural Information Processing Systems},
  volume={34},
  year={2021}
}

@article{gupta2021reset,
  title={Reset-Free Reinforcement Learning via Multi-Task Learning: Learning Dexterous Manipulation Behaviors without Human Intervention},
  author={Gupta, Abhishek and Yu, Justin and Zhao, Tony Z and Kumar, Vikash and Rovinsky, Aaron and Xu, Kelvin and Devlin, Thomas and Levine, Sergey},
  journal={arXiv preprint arXiv:2104.11203},
  year={2021}
}

@article{ha2020learning,
  title={Learning to walk in the real world with minimal human effort},
  author={Ha, Sehoon and Xu, Peng and Tan, Zhenyu and Levine, Sergey and Tan, Jie},
  journal={arXiv preprint arXiv:2002.08550},
  year={2020}
}

@article{zhu2020ingredients,
  title={The ingredients of real-world robotic reinforcement learning},
  author={Zhu, Henry and Yu, Justin and Gupta, Abhishek and Shah, Dhruv and Hartikainen, Kristian and Singh, Avi and Kumar, Vikash and Levine, Sergey},
  journal={arXiv preprint arXiv:2004.12570},
  year={2020}
}

@article{xu2020continual,
  title={Continual Learning of Control Primitives: Skill Discovery via Reset-Games},
  author={Xu, Kelvin and Verma, Siddharth and Finn, Chelsea and Levine, Sergey},
  journal={arXiv preprint arXiv:2011.05286},
  year={2020}
}

@article{eysenbach2017leave,
  title={Leave no trace: Learning to reset for safe and autonomous reinforcement learning},
  author={Eysenbach, Benjamin and Gu, Shixiang and Ibarz, Julian and Levine, Sergey},
  journal={arXiv preprint arXiv:1711.06782},
  year={2017}
}

@inproceedings{han2015learning,
  title={Learning compound multi-step controllers under unknown dynamics},
  author={Han, Weiqiao and Levine, Sergey and Abbeel, Pieter},
  booktitle={2015 IEEE/RSJ International Conference on Intelligent Robots and Systems (IROS)},
  pages={6435--6442},
  year={2015},
  organization={IEEE}
}

@article{sharma2021autonomous,
  title={Autonomous Reinforcement Learning: Formalism and Benchmarking},
  author={Sharma, Archit and Xu, Kelvin and Sardana, Nikhil and Gupta, Abhishek and Hausman, Karol and Levine, Sergey and Finn, Chelsea},
  journal={arXiv preprint arXiv:2112.09605},
  year={2021}
}

@article{wang2016learning,
  title={Learning to reinforcement learn},
  author={Wang, Jane X and Kurth-Nelson, Zeb and Tirumala, Dhruva and Soyer, Hubert and Leibo, Joel Z and Munos, Remi and Blundell, Charles and Kumaran, Dharshan and Botvinick, Matt},
  journal={arXiv preprint arXiv:1611.05763},
  year={2016}
}

@article{devlin2018bert,
  title={Bert: Pre-training of deep bidirectional transformers for language understanding},
  author={Devlin, Jacob and Chang, Ming-Wei and Lee, Kenton and Toutanova, Kristina},
  journal={arXiv preprint arXiv:1810.04805},
  year={2018}
}

@article{duan2016rl,
  title={R$\mathrm{L}^{2}$: Fast reinforcement learning via slow reinforcement learning},
  author={Duan, Yan and Schulman, John and Chen, Xi and Bartlett, Peter L and Sutskever, Ilya and Abbeel, Pieter},
  journal={arXiv preprint arXiv:1611.02779},
  year={2016}
}

@inproceedings{finn2017model,
  title={Model-agnostic meta-learning for fast adaptation of deep networks},
  author={Finn, Chelsea and Abbeel, Pieter and Levine, Sergey},
  booktitle={International Conference on Machine Learning},
  pages={1126--1135},
  year={2017},
  organization={PMLR}
}

@inproceedings{rakelly2019efficient,
  title={Efficient off-policy meta-reinforcement learning via probabilistic context variables},
  author={Rakelly, Kate and Zhou, Aurick and Finn, Chelsea and Levine, Sergey and Quillen, Deirdre},
  booktitle={International conference on machine learning},
  pages={5331--5340},
  year={2019},
  organization={PMLR}
}

@article{kalashnikov2021mt,
  title={MT-Opt: Continuous Multi-Task Robotic Reinforcement Learning at Scale},
  author={Kalashnikov, Dmitry and Varley, Jacob and Chebotar, Yevgen and Swanson, Benjamin and Jonschkowski, Rico and Finn, Chelsea and Levine, Sergey and Hausman, Karol},
  journal={arXiv preprint arXiv:2104.08212},
  year={2021}
}

@article{yu2021conservative,
  title={Conservative data sharing for multi-task offline reinforcement learning},
  author={Yu, Tianhe and Kumar, Aviral and Chebotar, Yevgen and Hausman, Karol and Levine, Sergey and Finn, Chelsea},
  journal={Advances in Neural Information Processing Systems},
  volume={34},
  year={2021}
}

@article{li2019multi,
  title={Multi-task batch reinforcement learning with metric learning},
  author={Li, Jiachen and Vuong, Quan and Liu, Shuang and Liu, Minghua and Ciosek, Kamil and Ross, Keith and Christensen, Henrik Iskov and Su, Hao},
  journal={arXiv preprint arXiv:1909.11373},
  year={2019}
}

@article{yang2021representation,
  title={Representation matters: Offline pretraining for sequential decision making},
  author={Yang, Mengjiao and Nachum, Ofir},
  journal={arXiv preprint arXiv:2102.05815},
  year={2021}
}

@inproceedings{mitchell2021offline,
  title={Offline meta-reinforcement learning with advantage weighting},
  author={Mitchell, Eric and Rafailov, Rafael and Peng, Xue Bin and Levine, Sergey and Finn, Chelsea},
  booktitle={International Conference on Machine Learning},
  pages={7780--7791},
  year={2021},
  organization={PMLR}
}

@article{pong2021offline,
  title={Offline Meta-Reinforcement Learning with Online Self-Supervision},
  author={Pong, Vitchyr H and Nair, Ashvin and Smith, Laura and Huang, Catherine and Levine, Sergey},
  journal={arXiv preprint arXiv:2107.03974},
  year={2021}
}

@article{dorfman2020offline,
  title={Offline meta reinforcement learning},
  author={Dorfman, Ron and Tamar, Aviv},
  journal={arXiv e-prints},
  pages={arXiv--2008},
  year={2020}
}

@article{singh2020parrot,
  title={Parrot: Data-driven behavioral priors for reinforcement learning},
  author={Singh, Avi and Liu, Huihan and Zhou, Gaoyue and Yu, Albert and Rhinehart, Nicholas and Levine, Sergey},
  journal={arXiv preprint arXiv:2011.10024},
  year={2020}
}

@article{ajay2020opal,
  title={Opal: Offline primitive discovery for accelerating offline reinforcement learning},
  author={Ajay, Anurag and Kumar, Aviral and Agrawal, Pulkit and Levine, Sergey and Nachum, Ofir},
  journal={arXiv preprint arXiv:2010.13611},
  year={2020}
}

@inproceedings{nair19ccrig,
    author    = {A. Nair and S. Bahl and A. Khazatsky and V. Pong and G. Berseth and S. Levine},
    title     = {Contextual Imagined Goals for Self-Supervised Robotic Learning},
    booktitle = {Conference on Robot Learning (CoRL)},
    year      = {2019}
}

@article{khazatsky2021can,
  title={What Can I Do Here? Learning New Skills by Imagining Visual Affordances},
  author={Khazatsky, Alexander and Nair, Ashvin and Jing, Daniel and Levine, Sergey},
  journal={arXiv preprint arXiv:2106.00671},
  year={2021}
}

@article{huh2016makes,
  title={What makes ImageNet good for transfer learning?},
  author={Huh, Minyoung and Agrawal, Pulkit and Efros, Alexei A},
  journal={arXiv preprint arXiv:1608.08614},
  year={2016}
}

@article{bommasani2021opportunities,
  title={On the opportunities and risks of foundation models},
  author={Bommasani, Rishi and Hudson, Drew A and Adeli, Ehsan and Altman, Russ and Arora, Simran and von Arx, Sydney and Bernstein, Michael S and Bohg, Jeannette and Bosselut, Antoine and Brunskill, Emma and others},
  journal={arXiv preprint arXiv:2108.07258},
  year={2021}
}

@article{radford2021clip,
  title={Learning transferable visual models from natural language supervision},
  author={Radford, Alec and Kim, Jong Wook and Hallacy, Chris and Ramesh, Aditya and Goh, Gabriel and Agarwal, Sandhini and Sastry, Girish and Askell, Amanda and Mishkin, Pamela and Clark, Jack and others},
  journal={arXiv preprint arXiv:2103.00020},
  year={2021}
}

@inproceedings{pinto2016supersizing,
  title={Supersizing self-supervision: Learning to grasp from 50k tries and 700 robot hours},
  author={Pinto, Lerrel and Gupta, Abhinav},
  booktitle={2016 IEEE international conference on robotics and automation (ICRA)},
  pages={3406--3413},
  year={2016},
  organization={IEEE}
}

@inproceedings{mandlekar2020iris,
  title={Iris: Implicit reinforcement without interaction at scale for learning control from offline robot manipulation data},
  author={Mandlekar, Ajay and Ramos, Fabio and Boots, Byron and Savarese, Silvio and Fei-Fei, Li and Garg, Animesh and Fox, Dieter},
  booktitle={2020 IEEE International Conference on Robotics and Automation (ICRA)},
  pages={4414--4420},
  year={2020},
  organization={IEEE}
}

@article{julian2020efficient,
  title={Efficient adaptation for end-to-end vision-based robotic manipulation},
  author={Julian, Ryan and Swanson, Benjamin and Sukhatme, Gaurav S and Levine, Sergey and Finn, Chelsea and Hausman, Karol},
  year={2020}
}

@article{kurin2022defense,
  title={In defense of the unitary scalarization for deep multi-task learning},
  author={Kurin, Vitaly and De Palma, Alessandro and Kostrikov, Ilya and Whiteson, Shimon and Kumar, M Pawan},
  journal={arXiv preprint arXiv:2201.04122},
  year={2022}
}

@article{brandfonbrener2021offline,
  title={Offline RL Without Off-Policy Evaluation},
  author={Brandfonbrener, David and Whitney, William F and Ranganath, Rajesh and Bruna, Joan},
  journal={arXiv preprint arXiv:2106.08909},
  year={2021}
}

@article{cabi2019scaling,
  title={Scaling data-driven robotics with reward sketching and batch reinforcement learning},
  author={Cabi, Serkan and Colmenarejo, Sergio G{\'o}mez and Novikov, Alexander and Konyushkova, Ksenia and Reed, Scott and Jeong, Rae and Zolna, Konrad and Aytar, Yusuf and Budden, David and Vecerik, Mel and others},
  journal={arXiv preprint arXiv:1909.12200},
  year={2019}
}

@inproceedings{hausman2018learning,
  title={Learning an embedding space for transferable robot skills},
  author={Hausman, Karol and Springenberg, Jost Tobias and Wang, Ziyu and Heess, Nicolas and Riedmiller, Martin},
  booktitle={International Conference on Learning Representations},
  year={2018}
}

@article{zintgraf2019varibad,
  title={Varibad: A very good method for bayes-adaptive deep rl via meta-learning},
  author={Zintgraf, Luisa and Shiarlis, Kyriacos and Igl, Maximilian and Schulze, Sebastian and Gal, Yarin and Hofmann, Katja and Whiteson, Shimon},
  journal={arXiv preprint arXiv:1910.08348},
  year={2019}
}

@article{kirk2021survey,
  title={A Survey of Generalisation in Deep Reinforcement Learning},
  author={Kirk, Robert and Zhang, Amy and Grefenstette, Edward and Rockt{\"a}schel, Tim},
  journal={arXiv preprint arXiv:2111.09794},
  year={2021}
}


@article{schaal1997learning,
  title={Learning from demonstration},
  author={Schaal, Stefan and others},
  journal={Advances in neural information processing systems},
  pages={1040--1046},
  year={1997},
  publisher={Citeseer}
}

@article{hester2017learning,
  title={Learning from demonstrations for real world reinforcement learning},
  author={Hester, Todd and Vecerik, Matej and Pietquin, Olivier and Lanctot, Marc and Schaul, Tom and Piot, Bilal and Sendonaris, Andrew and Dulac-Arnold, Gabriel and Osband, Ian and Agapiou, John and others},
  year={2017}
}

@article{rajeswaran2017learning,
  title={Learning complex dexterous manipulation with deep reinforcement learning and demonstrations},
  author={Rajeswaran, Aravind and Kumar, Vikash and Gupta, Abhishek and Vezzani, Giulia and Schulman, John and Todorov, Emanuel and Levine, Sergey},
  journal={arXiv preprint arXiv:1709.10087},
  year={2017}
}

@article{peng2018deepmimic,
  title={Deepmimic: Example-guided deep reinforcement learning of physics-based character skills},
  author={Peng, Xue Bin and Abbeel, Pieter and Levine, Sergey and van de Panne, Michiel},
  journal={ACM Transactions on Graphics (TOG)},
  volume={37},
  number={4},
  pages={1--14},
  year={2018},
  publisher={ACM New York, NY, USA}
}

@inproceedings{kormushev2010robot,
  title={Robot motor skill coordination with EM-based reinforcement learning},
  author={Kormushev, Petar and Calinon, Sylvain and Caldwell, Darwin G},
  booktitle={2010 IEEE/RSJ international conference on intelligent robots and systems},
  pages={3232--3237},
  year={2010},
  organization={IEEE}
}

@article{nair2017overcoming,
  title={Overcoming Exploration in Reinforcement Learning with Demonstrations. CoRR abs/1709.10089 (2017)},
  author={Nair, Ashvin and McGrew, Bob and Andrychowicz, Marcin and Zaremba, Wojciech and Abbeel, Pieter},
  journal={arXiv preprint arXiv:1709.10089},
  year={2017}
}

@article{kalashnikov2018qt,
  title={Qt-opt: Scalable deep reinforcement learning for vision-based robotic manipulation},
  author={Kalashnikov, Dmitry and Irpan, Alex and Pastor, Peter and Ibarz, Julian and Herzog, Alexander and Jang, Eric and Quillen, Deirdre and Holly, Ethan and Kalakrishnan, Mrinal and Vanhoucke, Vincent and others},
  journal={arXiv preprint arXiv:1806.10293},
  year={2018}
}

@article{lu2020reset,
  title={Reset-free lifelong learning with skill-space planning},
  author={Lu, Kevin and Grover, Aditya and Abbeel, Pieter and Mordatch, Igor},
  journal={arXiv preprint arXiv:2012.03548},
  year={2020}
}

@inproceedings{fujimoto2019off,
  title={Off-policy deep reinforcement learning without exploration},
  author={Fujimoto, Scott and Meger, David and Precup, Doina},
  booktitle={International Conference on Machine Learning},
  pages={2052--2062},
  year={2019},
  organization={PMLR}
}

@inproceedings{peters2007reinforcement,
  title={Reinforcement learning by reward-weighted regression for operational space control},
  author={Peters, Jan and Schaal, Stefan},
  booktitle={Proceedings of the 24th international conference on Machine learning},
  pages={745--750},
  year={2007}
}

@article{peng2019advantage,
  title={Advantage-weighted regression: Simple and scalable off-policy reinforcement learning},
  author={Peng, Xue Bin and Kumar, Aviral and Zhang, Grace and Levine, Sergey},
  journal={arXiv preprint arXiv:1910.00177},
  year={2019}
}

@article{lillicrap2015continuous,
  title={Continuous control with deep reinforcement learning},
  author={Lillicrap, Timothy P and Hunt, Jonathan J and Pritzel, Alexander and Heess, Nicolas and Erez, Tom and Tassa, Yuval and Silver, David and Wierstra, Daan},
  journal={arXiv preprint arXiv:1509.02971},
  year={2015}
}

@article{fujimoto2021minimalist,
  title={A Minimalist Approach to Offline Reinforcement Learning},
  author={Fujimoto, Scott and Gu, Shixiang Shane},
  journal={arXiv preprint arXiv:2106.06860},
  year={2021}
}

@inproceedings{haarnoja2018soft,
  title={Soft actor-critic: Off-policy maximum entropy deep reinforcement learning with a stochastic actor},
  author={Haarnoja, Tuomas and Zhou, Aurick and Abbeel, Pieter and Levine, Sergey},
  booktitle={International conference on machine learning},
  pages={1861--1870},
  year={2018},
  organization={PMLR}
}

@inproceedings{kostrikov2021offline,
  title={Offline reinforcement learning with fisher divergence critic regularization},
  author={Kostrikov, Ilya and Fergus, Rob and Tompson, Jonathan and Nachum, Ofir},
  booktitle={International Conference on Machine Learning},
  pages={5774--5783},
  year={2021},
  organization={PMLR}
}

@inproceedings{kostrikov2021iql,
  title={Offline reinforcement learning with implicit q-learning},
  author={Kostrikov, Ilya and Nair, Ashvin and Levine, Sergey},
  journal={arXiv preprint arXiv:2110.06169},
  year={2021}
}

@inproceedings{wilson2007multi,
  title={Multi-task reinforcement learning: a hierarchical bayesian approach},
  author={Wilson, Aaron and Fern, Alan and Ray, Soumya and Tadepalli, Prasad},
  booktitle={Proceedings of the 24th international conference on Machine learning},
  pages={1015--1022},
  year={2007}
}

@article{parisotto2015actor,
  title={Actor-mimic: Deep multitask and transfer reinforcement learning},
  author={Parisotto, Emilio and Ba, Jimmy Lei and Salakhutdinov, Ruslan},
  journal={arXiv preprint arXiv:1511.06342},
  year={2015}
}



@inproceedings{hessel2019multi,
  title={Multi-task deep reinforcement learning with popart},
  author={Hessel, Matteo and Soyer, Hubert and Espeholt, Lasse and Czarnecki, Wojciech and Schmitt, Simon and van Hasselt, Hado},
  booktitle={Proceedings of the AAAI Conference on Artificial Intelligence},
  volume={33},
  number={01},
  pages={3796--3803},
  year={2019}
}

@article{xu2020knowledge,
  title={Knowledge transfer in multi-task deep reinforcement learning for continuous control},
  author={Xu, Zhiyuan and Wu, Kun and Che, Zhengping and Tang, Jian and Ye, Jieping},
  journal={arXiv preprint arXiv:2010.07494},
  year={2020}
}

@article{yang2020multi,
  title={Multi-task reinforcement learning with soft modularization},
  author={Yang, Ruihan and Xu, Huazhe and Wu, Yi and Wang, Xiaolong},
  journal={arXiv preprint arXiv:2003.13661},
  year={2020}
}

@article{sodhani2021multi,
  title={Multi-Task Reinforcement Learning with Context-based Representations},
  author={Sodhani, Shagun and Zhang, Amy and Pineau, Joelle},
  journal={arXiv preprint arXiv:2102.06177},
  year={2021}
}

@article{lin2021,
  author    = {Yen{-}Chen Lin and
               Andy Zeng and
               Shuran Song and
               Phillip Isola and
               Tsung{-}Yi Lin},
  title     = {Learning to See before Learning to Act: Visual Pre-training for Manipulation},
  journal   = {CoRR},
  volume    = {abs/2107.00646},
  year      = {2021},
  eprint    = {2107.00646},
}

@article{yang2021trail,
  title={TRAIL: Near-Optimal Imitation Learning with Suboptimal Data},
  author={Yang, Mengjiao and Levine, Sergey and Nachum, Ofir},
  journal={arXiv preprint arXiv:2110.14770},
  year={2021}
}

@article{yu2022leverage,
  title={How to Leverage Unlabeled Data in Offline Reinforcement Learning},
  author={Yu, Tianhe and Kumar, Aviral and Chebotar, Yevgen and Hausman, Karol and Finn, Chelsea and Levine, Sergey},
  journal={arXiv preprint arXiv:2202.01741},
  year={2022}
}

@article{lee2022spend,
  title={How to Spend Your Robot Time: Bridging Kickstarting and Offline Reinforcement Learning for Vision-based Robotic Manipulation},
  author={Lee, Alex X and Devin, Coline and Springenberg, Jost Tobias and Zhou, Yuxiang and Lampe, Thomas and Abdolmaleki, Abbas and Bousmalis, Konstantinos},
  journal={arXiv preprint arXiv:2205.03353},
  year={2022}
}

@article{andrychowicz2017hindsight,
  title={Hindsight experience replay},
  author={Andrychowicz, Marcin and Wolski, Filip and Ray, Alex and Schneider, Jonas and Fong, Rachel and Welinder, Peter and McGrew, Bob and Tobin, Josh and Pieter Abbeel, OpenAI and Zaremba, Wojciech},
  journal={Advances in neural information processing systems},
  volume={30},
  year={2017}
}

@article{julian2020never,
  title={Never stop learning: The effectiveness of fine-tuning in robotic reinforcement learning},
  author={Julian, Ryan and Swanson, Benjamin and Sukhatme, Gaurav S and Levine, Sergey and Finn, Chelsea and Hausman, Karol},
  journal={arXiv preprint arXiv:2004.10190},
  year={2020}
}

@misc{young2020visual,
    title={Visual Imitation Made Easy},
    author={Sarah Young and Dhiraj Gandhi and Shubham Tulsiani and Abhinav Gupta and Pieter Abbeel and Lerrel Pinto},
    year={2020},
    eprint={2008.04899},
    archivePrefix={arXiv},
    primaryClass={cs.RO}
}

@inproceedings{radford2021learning,
  title={Learning transferable visual models from natural language supervision},
  author={Radford, Alec and Kim, Jong Wook and Hallacy, Chris and Ramesh, Aditya and Goh, Gabriel and Agarwal, Sandhini and Sastry, Girish and Askell, Amanda and Mishkin, Pamela and Clark, Jack and others},
  booktitle={International Conference on Machine Learning},
  pages={8748--8763},
  year={2021},
  organization={PMLR}
}

@article{ahn2022can,
  title={Do as i can, not as i say: Grounding language in robotic affordances},
  author={Ahn, Michael and Brohan, Anthony and Brown, Noah and Chebotar, Yevgen and Cortes, Omar and David, Byron and Finn, Chelsea and Gopalakrishnan, Keerthana and Hausman, Karol and Herzog, Alex and others},
  journal={arXiv preprint arXiv:2204.01691},
  year={2022}
}

@inproceedings{lee2022offline,
  title={Offline-to-Online Reinforcement Learning via Balanced Replay and Pessimistic Q-Ensemble},
  author={Lee, Seunghyun and Seo, Younggyo and Lee, Kimin and Abbeel, Pieter and Shin, Jinwoo},
  booktitle={Conference on Robot Learning},
  pages={1702--1712},
  year={2022},
  organization={PMLR}
}


@article{shapenet,
  author    = {Angel X. Chang and
               Thomas A. Funkhouser and
               Leonidas J. Guibas and
               Pat Hanrahan and
               Qi{-}Xing Huang and
               Zimo Li and
               Silvio Savarese and
               Manolis Savva and
               Shuran Song and
               Hao Su and
               Jianxiong Xiao and
               Li Yi and
               Fisher Yu},
  title     = {ShapeNet: An Information-Rich 3D Model Repository},
  journal   = {CoRR},
  volume    = {abs/1512.03012},
  year      = {2015},
}

@article{coumans2016pybullet,
  title={Pybullet, a python module for physics simulation for games, robotics and machine learning},
  author={Coumans, E and Bai, Y},
  journal={GitHub repository},
  year={2016}
}

@inproceedings{wu2018group,
  title={Group normalization},
  author={Wu, Yuxin and He, Kaiming},
  booktitle={Proceedings of the European conference on computer vision (ECCV)},
  pages={3--19},
  year={2018}
}




@inproceedings{cobbe2020leveraging,
  title={Leveraging procedural generation to benchmark reinforcement learning},
  author={Cobbe, Karl and Hesse, Chris and Hilton, Jacob and Schulman, John},
  booktitle={International conference on machine learning},
  pages={2048--2056},
  year={2020},
  organization={PMLR}
}



@article{lee2022multi,
  title={Multi-Game Decision Transformers},
  author={Lee, Kuang-Huei and Nachum, Ofir and Yang, Mengjiao and Lee, Lisa and Freeman, Daniel and Xu, Winnie and Guadarrama, Sergio and Fischer, Ian and Jang, Eric and Michalewski, Henryk and others},
  journal={arXiv preprint arXiv:2205.15241},
  year={2022}
}


@article{bjorck2021towards,
  title={Towards Deeper Deep Reinforcement Learning with Spectral Normalization},
  author={Bjorck, Nils and Gomes, Carla P and Weinberger, Kilian Q},
  journal={Advances in Neural Information Processing Systems},
  volume={34},
  pages={8242--8255},
  year={2021}
}


@article{oord2018representation,
  title={Representation learning with contrastive predictive coding},
  author={Oord, Aaron van den and Li, Yazhe and Vinyals, Oriol},
  journal={arXiv preprint arXiv:1807.03748},
  year={2018}
}

@article{soarespulserl,
  title={PulseRL: Enabling Offline Reinforcement Learning for Digital Marketing Systems via Conservative Q-Learning},
  author={Soares, Douglas W and Certo, Acordo and Lima, Telma and Brazil, Deep Learning},
  year={2021}
}

@article{he2111masked,
  title={Masked autoencoders are scalable vision learners},
  author={He, K and Chen, X and Xie, S and Li, Y and Doll{'a}r, P and Girshick, RB},
  journal={arXiv preprint arXiv.2111.06377},
  year={2021}
}

@article{brown2020language,
  title={Language models are few-shot learners},
  author={Brown, Tom and Mann, Benjamin and Ryder, Nick and Subbiah, Melanie and Kaplan, Jared D and Dhariwal, Prafulla and Neelakantan, Arvind and Shyam, Pranav and Sastry, Girish and Askell, Amanda and others},
  journal={Advances in neural information processing systems},
  volume={33},
  pages={1877--1901},
  year={2020}
}

@inproceedings{badia2020agent57,
  title={Agent57: Outperforming the human Atari benchmark},
  author={Badia, A and Piot, B and Kapturowski, S and Sprechmann, P and Vitvitskyi, A and Guo, D and Blundell, C},
  booktitle={Proceedings of the 37th International Conference on Machine Learning, Online, PMLR},
  volume={119},
  pages={2020},
  year={2020}
}


@article{chen2021decision,
  title={Decision transformer: Reinforcement learning via sequence modeling},
  author={Chen, Lili and Lu, Kevin and Rajeswaran, Aravind and Lee, Kimin and Grover, Aditya and Laskin, Misha and Abbeel, Pieter and Srinivas, Aravind and Mordatch, Igor},
  journal={Advances in neural information processing systems},
  volume={34},
  pages={15084--15097},
  year={2021}
}

@inproceedings{bellemare2017distributional,
  title={A distributional perspective on reinforcement learning},
  author={Bellemare, Marc G and Dabney, Will and Munos, R{\'e}mi},
  booktitle={International Conference on Machine Learning},
  pages={449--458},
  year={2017},
  organization={PMLR}
}

@inproceedings{achiam2017constrained,
  title={Constrained policy optimization},
  author={Achiam, Joshua and Held, David and Tamar, Aviv and Abbeel, Pieter},
  booktitle={Proceedings of the 34th International Conference on Machine Learning-Volume 70},
  pages={22--31},
  year={2017},
  organization={JMLR. org}
}

@article{konyushkova2020semi,
  title={Semi-supervised reward learning for offline reinforcement learning},
  author={Konyushkova, Ksenia and Zolna, Konrad and Aytar, Yusuf and Novikov, Alexander and Reed, Scott and Cabi, Serkan and de Freitas, Nando},
  journal={arXiv preprint arXiv:2012.06899},
  year={2020}
}

@inproceedings{chebotar2017path,
  title={Path integral guided policy search},
  author={Chebotar, Yevgen and Kalakrishnan, Mrinal and Yahya, Ali and Li, Adrian and Schaal, Stefan and Levine, Sergey},
  booktitle={2017 IEEE international conference on robotics and automation (ICRA)},
  pages={3381--3388},
  year={2017},
  organization={IEEE}
}

@book{goodfellow2016deep,
title={Deep learning},
author={Goodfellow, Ian and Bengio, Yoshua and Courville, Aaron and Bengio, Yoshua},
volume={1},
year={2016},
publisher={MIT Press}
}

@article{singh2020cog,
  title={Cog: Connecting new skills to past experience with offline reinforcement learning},
  author={Singh, Avi and Yu, Albert and Yang, Jonathan and Zhang, Jesse and Kumar, Aviral and Levine, Sergey},
  journal={arXiv preprint arXiv:2010.14500},
  year={2020}
}

@article{yu2021conservative,
  title={Conservative Data Sharing for Multi-Task Offline Reinforcement Learning},
  author={Yu, Tianhe and Kumar, Aviral and Chebotar, Yevgen and Hausman, Karol and Levine, Sergey and Finn, Chelsea},
  journal={arXiv preprint arXiv:2109.08128},
  year={2021}
}

@article{eysenbach2021replacing,
  title={Replacing Rewards with Examples: Example-Based Policy Search via Recursive Classification},
  author={Eysenbach, Benjamin and Levine, Sergey and Salakhutdinov, Ruslan},
  journal={arXiv preprint arXiv:2103.12656},
  year={2021}
}

@article{fu2018variational,
  title={Variational inverse control with events: A general framework for data-driven reward definition},
  author={Fu, Justin and Singh, Avi and Ghosh, Dibya and Yang, Larry and Levine, Sergey},
  journal={arXiv preprint arXiv:1805.11686},
  year={2018}
}

@article{kumar2020conservative,
  title={Conservative q-learning for offline reinforcement learning},
  author={Kumar, Aviral and Zhou, Aurick and Tucker, George and Levine, Sergey},
  journal={arXiv preprint arXiv:2006.04779},
  year={2020}
}


@inproceedings{yu2020meta,
  title={Meta-world: A benchmark and evaluation for multi-task and meta reinforcement learning},
  author={Yu, Tianhe and Quillen, Deirdre and He, Zhanpeng and Julian, Ryan and Hausman, Karol and Finn, Chelsea and Levine, Sergey},
  booktitle={Conference on Robot Learning},
  pages={1094--1100},
  year={2020},
  organization={PMLR}
}

@article{kalashnikov2021mt,
  title={MT-Opt: Continuous Multi-Task Robotic Reinforcement Learning at Scale},
  author={Kalashnikov, Dmitry and Varley, Jacob and Chebotar, Yevgen and Swanson, Benjamin and Jonschkowski, Rico and Finn, Chelsea and Levine, Sergey and Hausman, Karol},
  journal={Conference on Robot Learning (CoRL)},
  year={2021}
}

@inproceedings{lee2019SLAC,
  title={Stochastic Latent Actor-Critic: Deep Reinforcement Learning with a Latent Variable Model
},
  author={Alex X. Lee and Anusha Nagabandi and Pieter Abbeel and Sergey Levine},
  booktitle={Advances in Neural Information Processing Systems},
  year={2020}
}


@inproceedings{Hafner2019PlanNet,
  title={International Conference on Machine
Learning},
  author={Danijar Hafner and Timothy Lillicrap and Ian Fischer and Ruben Villegas and David Ha and Honglak Lee and James Davidson},
  booktitle={ International Conference on Machine
Learning},
  year={2019}
}

@article{haarnoja2018soft,
  title={Soft actor-critic: Off-policy maximum entropy deep reinforcement learning with a stochastic actor},
  author={Haarnoja, Tuomas and Zhou, Aurick and Abbeel, Pieter and Levine, Sergey},
  journal={arXiv preprint arXiv:1801.01290},
  year={2018}
}

@article{liu2020provably,
  title={Provably good batch reinforcement learning without great exploration},
  author={Liu, Yao and Swaminathan, Adith and Agarwal, Alekh and Brunskill, Emma},
  journal={arXiv preprint arXiv:2007.08202},
  year={2020}
}

@article{christiano2017deep,
  title={Deep reinforcement learning from human preferences},
  author={Christiano, Paul and Leike, Jan and Brown, Tom B and Martic, Miljan and Legg, Shane and Amodei, Dario},
  journal={arXiv preprint arXiv:1706.03741},
  year={2017}
}

@article{fujimoto2018addressing,
  title={Addressing function approximation error in actor-critic methods},
  author={Fujimoto, Scott and Van Hoof, Herke and Meger, David},
  journal={arXiv preprint arXiv:1802.09477},
  year={2018}
}

@inproceedings{kumar2019stabilizing,
  title={Stabilizing off-policy q-learning via bootstrapping error reduction},
  author={Kumar, Aviral and Fu, Justin and Soh, Matthew and Tucker, George and Levine, Sergey},
  booktitle={Advances in Neural Information Processing Systems},
  pages={11761--11771},
  year={2019}
}

@article{wu2019behavior,
  title={Behavior Regularized Offline Reinforcement Learning},
  author={Wu, Yifan and Tucker, George and Nachum, Ofir},
  journal={arXiv preprint arXiv:1911.11361},
  year={2019}
}

@article{lillicrap2015continuous,
  title={Continuous control with deep reinforcement learning},
  author={Lillicrap, Timothy P and Hunt, Jonathan J and Pritzel, Alexander and Heess, Nicolas and Erez, Tom and Tassa, Yuval and Silver, David and Wierstra, Daan},
  journal={arXiv preprint arXiv:1509.02971},
  year={2015}
}

@article{jaques2019way,
  title={Way off-policy batch deep reinforcement learning of implicit human preferences in dialog},
  author={Jaques, Natasha and Ghandeharioun, Asma and Shen, Judy Hanwen and Ferguson, Craig and Lapedriza, Agata and Jones, Noah and Gu, Shixiang and Picard, Rosalind},
  journal={arXiv preprint arXiv:1907.00456},
  year={2019}
}



@inproceedings{janner2019trust,
  title={When to trust your model: Model-based policy optimization},
  author={Janner, Michael and Fu, Justin and Zhang, Marvin and Levine, Sergey},
  booktitle={Advances in Neural Information Processing Systems},
  pages={12498--12509},
  year={2019}
}

@inproceedings{mittel2019visual,
  title={Visual transfer between atari games using competitive reinforcement learning},
  author={Mittel, Akshita and Sowmya Munukutla, Purna},
  booktitle={Proceedings of the IEEE/CVF Conference on Computer Vision and Pattern Recognition Workshops},
  pages={0--0},
  year={2019}
}

@article{song2019v,
  title={V-mpo: On-policy maximum a posteriori policy optimization for discrete and continuous control},
  author={Song, H Francis and Abdolmaleki, Abbas and Springenberg, Jost Tobias and Clark, Aidan and Soyer, Hubert and Rae, Jack W and Noury, Seb and Ahuja, Arun and Liu, Siqi and Tirumala, Dhruva and others},
  journal={arXiv preprint arXiv:1909.12238},
  year={2019}
}

@article{vaswani2017attention,
  title={Attention is all you need},
  author={Vaswani, Ashish and Shazeer, Noam and Parmar, Niki and Uszkoreit, Jakob and Jones, Llion and Gomez, Aidan N and Kaiser, {\L}ukasz and Polosukhin, Illia},
  journal={Advances in neural information processing systems},
  volume={30},
  year={2017}
}

@article{kaplan2020scaling,
  title={Scaling laws for neural language models},
  author={Kaplan, Jared and McCandlish, Sam and Henighan, Tom and Brown, Tom B and Chess, Benjamin and Child, Rewon and Gray, Scott and Radford, Alec and Wu, Jeffrey and Amodei, Dario},
  journal={arXiv preprint arXiv:2001.08361},
  year={2020}
}

@article{luo2018algorithmic,
  title={Algorithmic framework for model-based deep reinforcement learning with theoretical guarantees},
  author={Luo, Yuping and Xu, Huazhe and Li, Yuanzhi and Tian, Yuandong and Darrell, Trevor and Ma, Tengyu},
  journal={arXiv preprint arXiv:1807.03858},
  year={2018}
}

@inproceedings{agarwal2019optimistic,
  title={An optimistic perspective on offline reinforcement learning},
  author={Agarwal, Rishabh and Schuurmans, Dale and Norouzi, Mohammad},
  booktitle={International Conference on Machine Learning},
  pages={104--114},
  year={2020},
  organization={PMLR}
}

@article{mnih2015human,
  title={Human-level control through deep reinforcement learning},
  author={Mnih, Volodymyr and Kavukcuoglu, Koray and Silver, David and Rusu, Andrei A and Veness, Joel and Bellemare, Marc G and Graves, Alex and Riedmiller, Martin and Fidjeland, Andreas K and Ostrovski, Georg and others},
  journal={Nature},
  volume={518},
  number={7540},
  pages={529--533},
  year={2015},
  publisher={Nature Publishing Group}
}

@inproceedings{balaji2017ensemble,
author = {Lakshminarayanan, Balaji and Pritzel, Alexander and Blundell, Charles},
title = {Simple and Scalable Predictive Uncertainty Estimation Using Deep Ensembles},
year = {2017},
isbn = {9781510860964},
publisher = {Curran Associates Inc.},
address = {Red Hook, NY, USA},
booktitle = {Proceedings of the 31st International Conference on Neural Information Processing Systems},
pages = {6405–6416},
numpages = {12},
location = {Long Beach, California, USA},
series = {NIPS’17}
}

@inproceedings{precup2001off,
  title={Off-policy temporal-difference learning with function approximation},
  author={Precup, Doina and Sutton, Richard S and Dasgupta, Sanjoy},
  booktitle={ICML},
  pages={417--424},
  year={2001}
}

@inproceedings{munos2016safe,
  title={Safe and efficient off-policy reinforcement learning},
  author={Munos, R{\'e}mi and Stepleton, Tom and Harutyunyan, Anna and Bellemare, Marc},
  booktitle={Advances in Neural Information Processing Systems},
  pages={1054--1062},
  year={2016}
}

@article{ajksbook,
  title={Reinforcement learning: Theory and algorithms},
  author={Agarwal, Alekh and Jiang, Nan and Kakade, Sham M},
  journal={CS Dept., UW Seattle, Seattle, WA, USA, Tech. Rep},
  year={2019}
}

@misc{fu2020d4rl,
    title={D4RL: Datasets for Deep Data-Driven Reinforcement Learning},
    author={Justin Fu and Aviral Kumar and Ofir Nachum and George Tucker and Sergey Levine},
    year={2020},
    eprint={2004.07219},
    archivePrefix={arXiv},
    primaryClass={cs.LG}
}

@article{fujimoto2019benchmarking,
  title={Benchmarking Batch Deep Reinforcement Learning Algorithms},
  author={Fujimoto, Scott and Conti, Edoardo and Ghavamzadeh, Mohammad and Pineau, Joelle},
  journal={arXiv preprint arXiv:1910.01708},
  year={2019}
}

@article{sutton1991dyna,
  title={Dyna, an integrated architecture for learning, planning, and reacting},
  author={Sutton, Richard S},
  journal={ACM Sigart Bulletin},
  volume={2},
  number={4},
  pages={160--163},
  year={1991},
  publisher={ACM New York, NY, USA}
}

@InCollection{LangeGR12,
	title =	"Batch Reinforcement Learning",
	author =	"Sascha Lange and Thomas Gabel and Martin A.
	Riedmiller",
	booktitle =	"Reinforcement Learning",
	publisher =	"Springer",
	year = 	"2012",
	volume =	"12",
}

@Article{LiuSAB19,
  title =	"Off-Policy Policy Gradient with State Distribution
		 Correction",
  author =	"Yao Liu and Adith Swaminathan and Alekh Agarwal
		 and Emma Brunskill",
  journal =	"CoRR",
  year = 	"2019",
  volume =	"abs/1904.08473",
}

@Article{SwaminathanJ15,
	title =	"Batch learning from logged bandit feedback through
	counterfactual risk minimization",
	author =	"Adith Swaminathan and Thorsten Joachims",
	journal =	"J. Mach. Learn. Res",
	year = 	"2015",
	volume =	"16",
	pages =	"1731--1755",
}

@article{Liu2020ProvablyGB,
  title={Provably Good Batch Reinforcement Learning Without Great Exploration},
  author={Yao Liu and A. Swaminathan and A. Agarwal and Emma Brunskill},
  journal={ArXiv},
  year={2020},
  volume={abs/2007.08202}
}

@article{argenson2020model,
  title={Model-Based Offline Planning},
  author={Argenson, Arthur and Dulac-Arnold, Gabriel},
  journal={arXiv preprint arXiv:2008.05556},
  year={2020}
}

@article{levine2020offline,
  title={Offline reinforcement learning: Tutorial, review, and perspectives on open problems},
  author={Levine, Sergey and Kumar, Aviral and Tucker, George and Fu, Justin},
  journal={arXiv preprint arXiv:2005.01643},
  year={2020}
}

@article{kidambi2020morel,
  title={MOReL: Model-Based Offline Reinforcement Learning},
  author={Kidambi, Rahul and Rajeswaran, Aravind and Netrapalli, Praneeth and Joachims, Thorsten},
  journal={arXiv preprint arXiv:2005.05951},
  year={2020}
}

@article{matsushima2020deployment,
  title={Deployment-Efficient Reinforcement Learning via Model-Based Offline Optimization},
  author={Matsushima, Tatsuya and Furuta, Hiroki and Matsuo, Yutaka and Nachum, Ofir and Gu, Shixiang},
  journal={arXiv preprint arXiv:2006.03647},
  year={2020}
}

@article{wang2020critic,
  title={Critic regularized regression},
  author={Wang, Ziyu and Novikov, Alexander and {\.Z}o{\l}na, Konrad and Springenberg, Jost Tobias and Reed, Scott and Shahriari, Bobak and Siegel, Noah and Merel, Josh and Gulcehre, Caglar and Heess, Nicolas and others},
  journal={arXiv preprint arXiv:2006.15134},
  year={2020}
}


@article{zhanggendice,
  title={GenDICE: Generalized offline estimation of stationary values, 2020},
  author={Zhang, Ruiyi and Dai, Bo and Lihong, Li and Schuurmans, Dale},
  journal={Preprint}
}

@inproceedings{chua2018deep,
  title={Deep reinforcement learning in a handful of trials using probabilistic dynamics models},
  author={Chua, Kurtland and Calandra, Roberto and McAllister, Rowan and Levine, Sergey},
  booktitle={Advances in Neural Information Processing Systems},
  pages={4754--4765},
  year={2018}
}

@inproceedings{schulman2015trust,
  title={Trust region policy optimization},
  author={Schulman, John and Levine, Sergey and Abbeel, Pieter and Jordan, Michael and Moritz, Philipp},
  booktitle={International conference on machine learning},
  pages={1889--1897},
  year={2015}
}

@article{schulman2017proximal,
  title={Proximal policy optimization algorithms},
  author={Schulman, John and Wolski, Filip and Dhariwal, Prafulla and Radford, Alec and Klimov, Oleg},
  journal={arXiv preprint arXiv:1707.06347},
  year={2017}
}

@inproceedings{mnih2016asynchronous,
  title={Asynchronous methods for deep reinforcement learning},
  author={Mnih, Volodymyr and Badia, Adria Puigdomenech and Mirza, Mehdi and Graves, Alex and Lillicrap, Timothy and Harley, Tim and Silver, David and Kavukcuoglu, Koray},
  booktitle={International conference on machine learning},
  pages={1928--1937},
  year={2016}
}

@phdthesis{thomas2015safe,
  title={Safe reinforcement learning},
  author={Thomas, Philip S},
  year={2015},
  school={University of Massachusetts Libraries}
}


@article{Wang2018SupervisedRL,
  title={Supervised Reinforcement Learning with Recurrent Neural Network for Dynamic Treatment Recommendation},
  author={L. Wang and Wei Zhang and Xiaofeng He and H. Zha},
  journal={Proceedings of the 24th ACM SIGKDD International Conference on Knowledge Discovery \& Data Mining},
  year={2018}
}

@article{Rafailov2020LOMPO,
  title={Offline Reinforcement Learning from Images with Latent Space Models},
  author={Rafael Rafailov and Tianhe Yu and A. Rajeswaran and Chelsea Finn},
  journal={Learning for Decision Making and Control (L4DC)},
  year={2021},
}

@article{Buckman2020TheIO,
  title={The Importance of Pessimism in Fixed-Dataset Policy Optimization},
  author={J. Buckman and Carles Gelada and Marc G. Bellemare},
  journal={ArXiv},
  year={2020},
  volume={abs/2009.06799}
}

@article{ernst2005tree,
  title={Tree-based batch mode reinforcement learning},
  author={Ernst, Damien and Geurts, Pierre and Wehenkel, Louis},
  journal={Journal of Machine Learning Research},
  volume={6},
  pages={503--556},
  year={2005},
  publisher={Microtome Publishing}
}

@inproceedings{riedmiller2005neural,
  title={Neural fitted Q iteration--first experiences with a data efficient neural reinforcement learning method},
  author={Riedmiller, Martin},
  booktitle={European Conference on Machine Learning},
  pages={317--328},
  year={2005},
  organization={Springer}
}

@article{rafailov2020offline,
  title={Offline Reinforcement Learning from Images with Latent Space Models},
  author={Rafailov, Rafael and Yu, Tianhe and Rajeswaran, Aravind and Finn, Chelsea},
  journal={arXiv preprint arXiv:2012.11547},
  year={2020}
}

@article{singh2020parrot,
  title={Parrot: Data-Driven Behavioral Priors for Reinforcement Learning},
  author={Singh, Avi and Liu, Huihan and Zhou, Gaoyue and Yu, Albert and Rhinehart, Nicholas and Levine, Sergey},
  journal={arXiv preprint arXiv:2011.10024},
  year={2020}
}

@article{xie2019improvisation,
  title={Improvisation through physical understanding: Using novel objects as tools with visual foresight},
  author={Xie, Annie and Ebert, Frederik and Levine, Sergey and Finn, Chelsea},
  journal={Robotics: Science and Systems (RSS)},
  year={2019}
}

@article{jaques2020human,
  title={Human-centric dialog training via offline reinforcement learning},
  author={Jaques, Natasha and Shen, Judy Hanwen and Ghandeharioun, Asma and Ferguson, Craig and Lapedriza, Agata and Jones, Noah and Gu, Shixiang Shane and Picard, Rosalind},
  journal={arXiv preprint arXiv:2010.05848},
  year={2020}
}

@article{kumar2020discor,
  title={DisCor: Corrective Feedback in Reinforcement Learning via Distribution Correction},
  author={Kumar, Aviral and Gupta, Abhishek and Levine, Sergey},
  journal={arXiv preprint arXiv:2003.07305},
  year={2020}
}

@article{dorfman2020offline,
  title={Offline meta reinforcement learning},
  author={Dorfman, Ron and Tamar, Aviv},
  journal={arXiv preprint arXiv:2008.02598},
  year={2020}
}

@article{sutton2016emphatic,
  title={An emphatic approach to the problem of off-policy temporal-difference learning},
  author={Sutton, Richard S and Mahmood, A Rupam and White, Martha},
  journal={The Journal of Machine Learning Research},
  volume={17},
  number={1},
  pages={2603--2631},
  year={2016},
  publisher={JMLR. org}
}

@article{raghu2017deep,
  title={Deep reinforcement learning for sepsis treatment},
  author={Raghu, Aniruddh and Komorowski, Matthieu and Ahmed, Imran and Celi, Leo and Szolovits, Peter and Ghassemi, Marzyeh},
  journal={arXiv preprint arXiv:1711.09602},
  year={2017}
}

@article{shortreed2011informing,
  title={Informing sequential clinical decision-making through reinforcement learning: an empirical study},
  author={Shortreed, Susan M and Laber, Eric and Lizotte, Daniel J and Stroup, T Scott and Pineau, Joelle and Murphy, Susan A},
  journal={Machine learning},
  volume={84},
  number={1-2},
  pages={109--136},
  year={2011},
  publisher={Springer}
}

@inproceedings{pinto2016supersizing,
  title={Supersizing self-supervision: Learning to grasp from 50k tries and 700 robot hours},
  author={Pinto, Lerrel and Gupta, Abhinav},
  booktitle={2016 IEEE international conference on robotics and automation (ICRA)},
  pages={3406--3413},
  year={2016},
  organization={IEEE}
}

@inproceedings{kalashnikov2018scalable,
  title={Scalable deep reinforcement learning for vision-based robotic manipulation},
  author={Kalashnikov, Dmitry and Irpan, Alex and Pastor, Peter and Ibarz, Julian and Herzog, Alexander and Jang, Eric and Quillen, Deirdre and Holly, Ethan and Kalakrishnan, Mrinal and Vanhoucke, Vincent and others},
  booktitle={Conference on Robot Learning},
  pages={651--673},
  year={2018},
  organization={PMLR}
}

@inproceedings{finn2017deep,
  title={Deep visual foresight for planning robot motion},
  author={Finn, Chelsea and Levine, Sergey},
  booktitle={2017 IEEE International Conference on Robotics and Automation (ICRA)},
  pages={2786--2793},
  year={2017},
  organization={IEEE}
}

@article{ebert2018visual,
  title={Visual foresight: Model-based deep reinforcement learning for vision-based robotic control},
  author={Ebert, Frederik and Finn, Chelsea and Dasari, Sudeep and Xie, Annie and Lee, Alex and Levine, Sergey},
  journal={arXiv preprint arXiv:1812.00568},
  year={2018}
}

@article{oh2015action,
  title={Action-conditional video prediction using deep networks in atari games},
  author={Oh, Junhyuk and Guo, Xiaoxiao and Lee, Honglak and Lewis, Richard and Singh, Satinder},
  journal={arXiv preprint arXiv:1507.08750},
  year={2015}
}

@article{kaiser2019model,
  title={Model-based reinforcement learning for atari},
  author={Kaiser, Lukasz and Babaeizadeh, Mohammad and Milos, Piotr and Osinski, Blazej and Campbell, Roy H and Czechowski, Konrad and Erhan, Dumitru and Finn, Chelsea and Kozakowski, Piotr and Levine, Sergey and others},
  journal={arXiv preprint arXiv:1903.00374},
  year={2019}
}

@InProceedings{RossB12,
  title =	"Agnostic System Identification for Model-Based Reinforcement Learning",
  author =	"Stephane Ross and Drew Bagnell",
  year = 	"2012",
  booktitle =	"ICML",
}

@INPROCEEDINGS{Rajeswaran-Game-MBRL,
    AUTHOR    = {Aravind Rajeswaran AND Igor Mordatch AND Vikash Kumar},
    TITLE     = "{A Game Theoretic Framework for
Model-Based Reinforcement Learning}",
    BOOKTITLE = {ICML},
    YEAR      = {2020},
}

@article{Abdolmaleki2018MaximumAP,
  title={Maximum a Posteriori Policy Optimisation},
  author={Abbas Abdolmaleki and Jost Tobias Springenberg and Y. Tassa and R. Munos and N. Heess and Martin A. Riedmiller},
  journal={ArXiv},
  year={2018},
  volume={abs/1806.06920}
}

@INPROCEEDINGS{POLO,
    AUTHOR  = {Kendall Lowrey AND Aravind Rajeswaran AND Sham Kakade AND 
             Emanuel Todorov AND Igor Mordatch},
    TITLE   = "{Plan Online, Learn Offline: Efficient Learning and Exploration via Model-Based Control}",
    BOOKTITLE = "{International Conference on Learning Representations (ICLR)}",
    YEAR      = {2019},
}

@inproceedings{Todorov2005,
  title={A generalized iterative LQG method for locally-optimal feedback control of constrained nonlinear stochastic systems},
  author={Emanuel Todorov and Weiwei Li},
  booktitle={ACC},
  year={2005},
}

@article{WilliamsMPPI,
  title={Information theoretic MPC for model-based reinforcement learning},
  author={Grady Williams and Nolan Wagener and Brian Goldfain and Paul Drews and James M. Rehg and Byron Boots and Evangelos Theodorou},
  journal={2017 IEEE International Conference on Robotics and Automation (ICRA)},
  year={2017},
  pages={1714-1721}
}

@Misc{RRT,
  title =	"Rapidly-Exploring Random Trees: A New Tool for Path Planning",
  author =	"Steven M. Lavalle",
  year = 	"1998",
}

@article{Nagabandi2019DeepDM,
  title={Deep Dynamics Models for Learning Dexterous Manipulation},
  author={Anusha Nagabandi and K. Konolige and S. Levine and V. Kumar},
  journal={ArXiv},
  year={2019},
  volume={abs/1909.11652}
}

@Article{OsbandAC18,
  title =	"Randomized Prior Functions for Deep Reinforcement Learning",
  author =	"Ian Osband and John Aslanides and Albin Cassirer",
  journal =	"CoRR",
  year = 	"2018",
  volume =	"abs/1806.03335",
}

@InProceedings{Azizzadenesheli18,
  title =	"Efficient Exploration Through Bayesian Deep
		 Q-Networks",
  author =	"Kamyar Azizzadenesheli and Emma Brunskill and
		 Animashree Anandkumar",
  publisher =	"IEEE",
  year = 	"2018",
  booktitle =	"ITA",
  pages =	"1--9",
}

@InProceedings{BurdaESK19,
  title =	"Exploration by random network distillation",
  author =	"Yuri Burda and Harrison Edwards and Amos J. Storkey and Oleg Klimov",
  publisher =	"OpenReview.net",
  year = 	"2019",
  booktitle =	"ICLR",
}

@article{Chen2019InformationTheoreticCI,
  title={Information-Theoretic Considerations in Batch Reinforcement Learning},
  author={J. Chen and Nan Jiang},
  journal={ArXiv},
  year={2019},
  volume={abs/1905.00360}
}

@Book{BertsekasBook,
  author =	"Dimitri P. Bertsekas and John N. Tsitsiklis",
  title =	"Neuro-Dynamic Programming",
  publisher =	"Athena Scientific",
  year = 	"1996",
  address =	"Belmont, MA",
}

@Book{SuttonBook,
  author =	"R. S. Sutton and A. G. Barto",
  title =	"Reinforcement Learning: An Introduction",
  year = 	"1998",
  publisher =	"MIT Press",
  address =	"Cambridge, MA",
}

@article{Munos2008FiniteTimeBF,
  title={Finite-Time Bounds for Fitted Value Iteration},
  author={R{\'e}mi Munos and Csaba Szepesvari},
  journal={J. Mach. Learn. Res.},
  year={2008},
  volume={9},
  pages={815-857}
}

@article{brockman2016openai,
  title={Openai gym},
  author={Brockman, Greg and Cheung, Vicki and Pettersson, Ludwig and Schneider, Jonas and Schulman, John and Tang, Jie and Zaremba, Wojciech},
  journal={arXiv preprint arXiv:1606.01540},
  year={2016}
}

@inproceedings{mandlekar2020iris,
  title={Iris: Implicit reinforcement without interaction at scale for learning control from offline robot manipulation data},
  author={Mandlekar, Ajay and Ramos, Fabio and Boots, Byron and Savarese, Silvio and Fei-Fei, Li and Garg, Animesh and Fox, Dieter},
  booktitle={2020 IEEE International Conference on Robotics and Automation (ICRA)},
  pages={4414--4420},
  year={2020},
  organization={IEEE}
}

@article{zhou2020plas,
  title={PLAS: Latent Action Space for Offline Reinforcement Learning},
  author={Zhou, Wenxuan and Bajracharya, Sujay and Held, David},
  journal={arXiv preprint arXiv:2011.07213},
  year={2020}
}

@inproceedings{kahn2018composable,
  title={Composable action-conditioned predictors: Flexible off-policy learning for robot navigation},
  author={Kahn, Gregory and Villaflor, Adam and Abbeel, Pieter and Levine, Sergey},
  booktitle={Conference on Robot Learning},
  pages={806--816},
  year={2018},
  organization={PMLR}
}

@article{Yu2020BDD100KAD,
  title={BDD100K: A Diverse Driving Dataset for Heterogeneous Multitask Learning},
  author={F. Yu and H. Chen and X. Wang and Wenqi Xian and Yingying Chen and Fangchen Liu and V. Madhavan and Trevor Darrell},
  journal={2020 IEEE/CVF Conference on Computer Vision and Pattern Recognition (CVPR)},
  year={2020},
  pages={2633-2642}
}

@inproceedings{
lee2021representation,
title={Representation Balancing Offline Model-based Reinforcement Learning},
author={Byung-Jun Lee and Jongmin Lee and Kee-Eung Kim},
booktitle={International Conference on Learning Representations},
year={2021},
url={https://openreview.net/forum?id=QpNz8r_Ri2Y}
}

@article{swazinna2020overcoming,
  title={Overcoming Model Bias for Robust Offline Deep Reinforcement Learning},
  author={Swazinna, Phillip and Udluft, Steffen and Runkler, Thomas},
  journal={arXiv preprint arXiv:2008.05533},
  year={2020}
}

@article{tassa2018deepmind,
  title={Deepmind control suite},
  author={Tassa, Yuval and Doron, Yotam and Muldal, Alistair and Erez, Tom and Li, Yazhe and Casas, Diego de Las and Budden, David and Abdolmaleki, Abbas and Merel, Josh and Lefrancq, Andrew and others},
  journal={arXiv preprint arXiv:1801.00690},
  year={2018}
}

@article{ovadia2019can,
  title={Can you trust your model's uncertainty? Evaluating predictive uncertainty under dataset shift},
  author={Ovadia, Yaniv and Fertig, Emily and Ren, Jie and Nado, Zachary and Sculley, David and Nowozin, Sebastian and Dillon, Joshua V and Lakshminarayanan, Balaji and Snoek, Jasper},
  journal={arXiv preprint arXiv:1906.02530},
  year={2019}
}

@article{degris2012off,
  title={Off-policy actor-critic},
  author={Degris, Thomas and White, Martha and Sutton, Richard S},
  journal={arXiv preprint arXiv:1205.4839},
  year={2012}
}

@inproceedings{laroche2019safe,
  title={Safe policy improvement with baseline bootstrapping},
  author={Laroche, Romain and Trichelair, Paul and Des Combes, Remi Tachet},
  booktitle={International Conference on Machine Learning},
  pages={3652--3661},
  year={2019},
  organization={PMLR}
}

@article{petrik2016safe,
  title={Safe policy improvement by minimizing robust baseline regret},
  author={Petrik, Marek and Chow, Yinlam and Ghavamzadeh, Mohammad},
  journal={arXiv preprint arXiv:1607.03842},
  year={2016}
}

@inproceedings{osband2017posterior,
  title={Why is posterior sampling better than optimism for reinforcement learning?},
  author={Osband, Ian and Van Roy, Benjamin},
  booktitle={International Conference on Machine Learning},
  pages={2701--2710},
  year={2017},
  organization={PMLR}
}

@article{jaksch2010near,
  title={Near-optimal Regret Bounds for Reinforcement Learning.},
  author={Jaksch, Thomas and Ortner, Ronald and Auer, Peter},
  journal={Journal of Machine Learning Research},
  volume={11},
  number={4},
  year={2010}
}

@misc{dasari2020robonet,
      title={RoboNet: Large-Scale Multi-Robot Learning}, 
      author={Sudeep Dasari and Frederik Ebert and Stephen Tian and Suraj Nair and Bernadette Bucher and Karl Schmeckpeper and Siddharth Singh and Sergey Levine and Chelsea Finn},
      year={2020},
      eprint={1910.11215},
      archivePrefix={arXiv},
      primaryClass={cs.RO}
}

@inproceedings{
kumar2021implicit,
title={Implicit Under-Parameterization Inhibits Data-Efficient Deep Reinforcement Learning},
author={Aviral Kumar and Rishabh Agarwal and Dibya Ghosh and Sergey Levine},
booktitle={International Conference on Learning Representations},
year={2021},
url={https://openreview.net/forum?id=O9bnihsFfXU}
}

@article{eysenbach2020rewriting,
  title={Rewriting history with inverse rl: Hindsight inference for policy improvement},
  author={Eysenbach, Benjamin and Geng, Xinyang and Levine, Sergey and Salakhutdinov, Ruslan},
  journal={arXiv preprint arXiv:2002.11089},
  year={2020}
}

@article{li2020generalized,
  title={Generalized hindsight for reinforcement learning},
  author={Li, Alexander C and Pinto, Lerrel and Abbeel, Pieter},
  journal={arXiv preprint arXiv:2002.11708},
  year={2020}
}

@article{andrychowicz2017hindsight,
  title={Hindsight experience replay},
  author={Andrychowicz, Marcin and Wolski, Filip and Ray, Alex and Schneider, Jonas and Fong, Rachel and Welinder, Peter and McGrew, Bob and Tobin, Josh and Abbeel, Pieter and Zaremba, Wojciech},
  journal={arXiv preprint arXiv:1707.01495},
  year={2017}
}

@article{caruana1997multitask,
  title={Multitask learning},
  author={Caruana, Rich},
  journal={Machine learning},
  volume={28},
  number={1},
  pages={41--75},
  year={1997},
  publisher={Springer}
}

@inproceedings{schaul2015universal,
  title={Universal value function approximators},
  author={Schaul, Tom and Horgan, Daniel and Gregor, Karol and Silver, David},
  booktitle={International conference on machine learning},
  pages={1312--1320},
  year={2015},
  organization={PMLR}
}

@article{pong2018temporal,
  title={Temporal difference models: Model-free deep rl for model-based control},
  author={Pong, Vitchyr and Gu, Shixiang and Dalal, Murtaza and Levine, Sergey},
  journal={arXiv preprint arXiv:1802.09081},
  year={2018}
}

@inproceedings{kaelbling1993learning,
  title={Learning to achieve goals},
  author={Kaelbling, Leslie Pack},
  booktitle={IJCAI},
  pages={1094--1099},
  year={1993},
  organization={Citeseer}
}

@inproceedings{espeholt2018impala,
  author    = {Lasse Espeholt and
               Hubert Soyer and
               R{\'{e}}mi Munos and
               Karen Simonyan and
               Volodymyr Mnih and
               Tom Ward and
               Yotam Doron and
               Vlad Firoiu and
               Tim Harley and
               Iain Dunning and
               Shane Legg and
               Koray Kavukcuoglu},
  title     = {{IMPALA:} Scalable Distributed Deep-RL with Importance Weighted Actor-Learner
               Architectures},
  booktitle = { International Conference on Machine Learning},
  year      = {2018},
}

@inproceedings{hessel2019popart,
  title={Multi-task deep reinforcement learning with popart},
  author={Hessel, Matteo and Soyer, Hubert and Espeholt, Lasse and Czarnecki, Wojciech and Schmitt, Simon and van Hasselt, Hado},
  booktitle={Proceedings of the AAAI Conference on Artificial Intelligence},
  volume={33},
  year={2019}
}

@inproceedings{riedmiller2018learning,
  title={Learning by playing solving sparse reward tasks from scratch},
  author={Riedmiller, Martin and Hafner, Roland and Lampe, Thomas and Neunert, Michael and Degrave, Jonas and Wiele, Tom and Mnih, Vlad and Heess, Nicolas and Springenberg, Jost Tobias},
  booktitle={International Conference on Machine Learning},
  pages={4344--4353},
  year={2018},
  organization={PMLR}
}

@article{teh2017distral,
  title={Distral: Robust multitask reinforcement learning},
  author={Teh, Yee Whye and Bapst, Victor and Czarnecki, Wojciech Marian and Quan, John and Kirkpatrick, James and Hadsell, Raia and Heess, Nicolas and Pascanu, Razvan},
  journal={arXiv preprint arXiv:1707.04175},
  year={2017}
}

@inproceedings{wilson2007multi,
  title={Multi-task reinforcement learning: a hierarchical bayesian approach},
  author={Wilson, Aaron and Fern, Alan and Ray, Soumya and Tadepalli, Prasad},
  booktitle={Proceedings of the 24th international conference on Machine learning},
  pages={1015--1022},
  year={2007}
}

@article{rusu2015policy,
  title={Policy distillation},
  author={Rusu, Andrei A and Colmenarejo, Sergio Gomez and Gulcehre, Caglar and Desjardins, Guillaume and Kirkpatrick, James and Pascanu, Razvan and Mnih, Volodymyr and Kavukcuoglu, Koray and Hadsell, Raia},
  journal={arXiv preprint arXiv:1511.06295},
  year={2015}
}

@article{ghosh2017divide,
  title={Divide-and-conquer reinforcement learning},
  author={Ghosh, Dibya and Singh, Avi and Rajeswaran, Aravind and Kumar, Vikash and Levine, Sergey},
  journal={arXiv preprint arXiv:1711.09874},
  year={2017}
}

@article{yu2020gradient,
  title={Gradient surgery for multi-task learning},
  author={Yu, Tianhe and Kumar, Saurabh and Gupta, Abhishek and Levine, Sergey and Hausman, Karol and Finn, Chelsea},
  journal={arXiv preprint arXiv:2001.06782},
  year={2020}
}

@article{yu2021combo,
  title={Combo: Conservative offline model-based policy optimization},
  author={Yu, Tianhe and Kumar, Aviral and Rafailov, Rafael and Rajeswaran, Aravind and Levine, Sergey and Finn, Chelsea},
  journal={arXiv:2102.08363},
  year={2021}
}

@article{strehl2010learning,
  title={Learning from logged implicit exploration data},
  author={Strehl, Alex and Langford, John and Kakade, Sham and Li, Lihong},
  journal={arXiv preprint arXiv:1003.0120},
  year={2010}
}

@inproceedings{garcin2014offline,
  title={Offline and online evaluation of news recommender systems at swissinfo. ch},
  author={Garcin, Florent and Faltings, Boi and Donatsch, Olivier and Alazzawi, Ayar and Bruttin, Christophe and Huber, Amr},
  booktitle={Proceedings of the 8th ACM Conference on Recommender systems},
  pages={169--176},
  year={2014}
}

@article{charles2013counterfactual,
  title={Counterfactual reasoning and learning systems: The example of computational advertising},
  author={Charles, Denis and Chickering, Max and Simard, Patrice},
  journal={Journal of Machine Learning Research},
  volume={14},
  year={2013}
}

@inproceedings{theocharous2015ad,
  title={Ad recommendation systems for life-time value optimization},
  author={Theocharous, Georgios and Thomas, Philip S and Ghavamzadeh, Mohammad},
  booktitle={Proceedings of the 24th International Conference on World Wide Web},
  pages={1305--1310},
  year={2015}
}

@inproceedings{thomas2017predictive,
  title={Predictive Off-Policy Policy Evaluation for Nonstationary Decision Problems, with Applications to Digital Marketing.},
  author={Thomas, Philip S and Theocharous, Georgios and Ghavamzadeh, Mohammad and Durugkar, Ishan and Brunskill, Emma},
  booktitle={AAAI},
  pages={4740--4745},
  year={2017}
}

@article{schaul2019ray,
  title={Ray interference: a source of plateaus in deep reinforcement learning},
  author={Schaul, Tom and Borsa, Diana and Modayil, Joseph and Pascanu, Razvan},
  journal={arXiv preprint arXiv:1904.11455},
  year={2019}
}

@inproceedings{yu2020metaworld,
  title={Meta-world: A benchmark and evaluation for multi-task and meta reinforcement learning},
  author={Yu, Tianhe and Quillen, Deirdre and He, Zhanpeng and Julian, Ryan and Hausman, Karol and Finn, Chelsea and Levine, Sergey},
  booktitle={Conference on Robot Learning},
  pages={1094--1100},
  year={2020},
  organization={PMLR}
}

@article{sodhani2021multi,
  title={Multi-Task Reinforcement Learning with Context-based Representations},
  author={Sodhani, Shagun and Zhang, Amy and Pineau, Joelle},
  journal={arXiv preprint arXiv:2102.06177},
  year={2021}
}

@article{xu2020knowledge,
  title={Knowledge Transfer in Multi-Task Deep Reinforcement Learning for Continuous Control},
  author={Xu, Zhiyuan and Wu, Kun and Che, Zhengping and Tang, Jian and Ye, Jieping},
  year={2020}
}

@inproceedings{guez2008adaptive,
  title={Adaptive Treatment of Epilepsy via Batch-mode Reinforcement Learning.},
  author={Guez, Arthur and Vincent, Robert D and Avoli, Massimo and Pineau, Joelle},
  booktitle={AAAI},
  pages={1671--1678},
  year={2008}
}

@inproceedings{d2019sharing,
  title={Sharing knowledge in multi-task deep reinforcement learning},
  author={D'Eramo, Carlo and Tateo, Davide and Bonarini, Andrea and Restelli, Marcello and Peters, Jan},
  booktitle={International Conference on Learning Representations},
  year={2019}
}

@article{gulcehre2020rl,
  title={Rl unplugged: Benchmarks for offline reinforcement learning},
  author={Gulcehre, Caglar and Wang, Ziyu and Novikov, Alexander and Paine, Tom Le and Colmenarejo, Sergio G{\'o}mez and Zolna, Konrad and Agarwal, Rishabh and Merel, Josh and Mankowitz, Daniel and Paduraru, Cosmin and others},
  journal={arXiv preprint arXiv:2006.13888},
  year={2020}
}

@article{yang2020multi,
  title={Multi-task reinforcement learning with soft modularization},
  author={Yang, Ruihan and Xu, Huazhe and Wu, Yi and Wang, Xiaolong},
  journal={arXiv preprint arXiv:2003.13661},
  year={2020}
}

@article{tao2020repaint,
  title={REPAINT: Knowledge Transfer in Deep Reinforcement Learning},
  author={Tao, Yunzhe and Genc, Sahika and Chung, Jonathan and Sun, Tao and Mallya, Sunil},
  journal={arXiv preprint arXiv:2011.11827},
  year={2020}
}

@article{ebert2018visual,
  title={Visual foresight: Model-based deep reinforcement learning for vision-based robotic control},
  author={Ebert, Frederik and Finn, Chelsea and Dasari, Sudeep and Xie, Annie and Lee, Alex and Levine, Sergey},
  journal={arXiv preprint arXiv:1812.00568},
  year={2018}
}

@article{tian2020model,
  title={Model-Based Visual Planning with Self-Supervised Functional Distances},
  author={Tian, Stephen and Nair, Suraj and Ebert, Frederik and Dasari, Sudeep and Eysenbach, Benjamin and Finn, Chelsea and Levine, Sergey},
  journal={arXiv preprint arXiv:2012.15373},
  year={2020}
}

@article{chebotar2021actionable,
  title={Actionable Models: Unsupervised Offline Reinforcement Learning of Robotic Skills},
  author={Chebotar, Yevgen and Hausman, Karol and Lu, Yao and Xiao, Ted and Kalashnikov, Dmitry and Varley, Jake and Irpan, Alex and Eysenbach, Benjamin and Julian, Ryan and Finn, Chelsea and Levine, Sergey},
  journal={arXiv preprint arXiv:2104.07749},
  year={2021}
}

@article{sun2019policy,
  title={Policy continuation with hindsight inverse dynamics},
  author={Sun, Hao and Li, Zhizhong and Liu, Xiaotong and Lin, Dahua and Zhou, Bolei},
  journal={arXiv preprint arXiv:1910.14055},
  year={2019}
}

@article{pitis2020counterfactual,
  title={Counterfactual Data Augmentation using Locally Factored Dynamics},
  author={Pitis, Silviu and Creager, Elliot and Garg, Animesh},
  journal={arXiv preprint arXiv:2007.02863},
  year={2020}
}

@article{liu2019competitive,
  title={Competitive experience replay},
  author={Liu, Hao and Trott, Alexander and Socher, Richard and Xiong, Caiming},
  journal={arXiv preprint arXiv:1902.00528},
  year={2019}
}

@article{yang2021bias,
  title={Bias-reduced multi-step hindsight experience replay},
  author={Yang, Rui and Lyu, Jiafei and Yang, Yu and Ya, Jiangpeng and Luo, Feng and Luo, Dijun and Li, Lanqing and Li, Xiu},
  journal={arXiv preprint arXiv:2102.12962},
  year={2021}
}

@article{lynch2020grounding,
  title={Grounding language in play},
  author={Lynch, Corey and Sermanet, Pierre},
  journal={arXiv preprint arXiv:2005.07648},
  year={2020}
}

@article{lin2019reinforcement,
  title={Reinforcement learning without ground-truth state},
  author={Lin, Xingyu and Baweja, Harjatin Singh and Held, David},
  journal={arXiv preprint arXiv:1905.07866},
  year={2019}
}

@article{huang2019mapping,
  title={Mapping state space using landmarks for universal goal reaching},
  author={Huang, Zhiao and Liu, Fangchen and Su, Hao},
  journal={Advances in Neural Information Processing Systems},
  volume={32},
  pages={1942--1952},
  year={2019}
}

@article{nair2018visual,
  title={Visual reinforcement learning with imagined goals},
  author={Nair, Ashvin and Pong, Vitchyr and Dalal, Murtaza and Bahl, Shikhar and Lin, Steven and Levine, Sergey},
  journal={arXiv preprint arXiv:1807.04742},
  year={2018}
}

@inproceedings{xie2018few,
  title={Few-shot goal inference for visuomotor learning and planning},
  author={Xie, Annie and Singh, Avi and Levine, Sergey and Finn, Chelsea},
  booktitle={Conference on Robot Learning},
  pages={40--52},
  year={2018},
  organization={PMLR}
}

@article{chen2021learning,
  title={Learning Generalizable Robotic Reward Functions from" In-The-Wild" Human Videos},
  author={Chen, Annie S and Nair, Suraj and Finn, Chelsea},
  journal={arXiv preprint arXiv:2103.16817},
  year={2021}
}

@article{yang2021representation,
  title={Representation matters: Offline pretraining for sequential decision making},
  author={Yang, Mengjiao and Nachum, Ofir},
  journal={arXiv preprint arXiv:2102.05815},
  year={2021}
}

@article{li2019multi,
  title={Multi-task batch reinforcement learning with metric learning},
  author={Li, Jiachen and Vuong, Quan and Liu, Shuang and Liu, Minghua and Ciosek, Kamil and Ross, Keith and Christensen, Henrik Iskov and Su, Hao},
  journal={arXiv preprint arXiv:1909.11373},
  year={2019}
}

@article{killian2020empirical,
  title={An Empirical Study of Representation Learning for Reinforcement Learning in Healthcare},
  author={Killian, Taylor W and Zhang, Haoran and Subramanian, Jayakumar and Fatemi, Mehdi and Ghassemi, Marzyeh},
  journal={arXiv preprint arXiv:2011.11235},
  year={2020}
}

@inproceedings{sharma2018multiple,
  title={Multiple interactions made easy (mime): Large scale demonstrations data for imitation},
  author={Sharma, Pratyusha and Mohan, Lekha and Pinto, Lerrel and Gupta, Abhinav},
  booktitle={Conference on robot learning},
  pages={906--915},
  year={2018},
  organization={PMLR}
}

@article{zhang2021method,
  title={A Method of Offline Reinforcement Learning Virtual Reality Satellite Attitude Control Based on Generative Adversarial Network},
  author={Zhang, Jian and Wu, Fengge},
  journal={Wireless Communications and Mobile Computing},
  volume={2021},
  year={2021},
  publisher={Hindawi}
}

@inproceedings{xiao2021general,
  title={A general offline reinforcement learning framework for interactive recommendation},
  author={Xiao, Teng and Wang, Donglin},
  booktitle={The Thirty-Fifth AAAI Conference on Artificial Intelligence, AAAI 2021},
  year={2021}
}

@article{kiyohara2021accelerating,
  title={Accelerating Offline Reinforcement Learning Application in Real-Time Bidding and Recommendation: Potential Use of Simulation},
  author={Kiyohara, Haruka and Kawakami, Kosuke and Saito, Yuta},
  journal={arXiv preprint arXiv:2109.08331},
  year={2021}
}

@inproceedings{kreutzer2021offline,
  title={Offline Reinforcement Learning from Human Feedback in Real-World Sequence-to-Sequence Tasks},
  author={Kreutzer, Julia and Riezler, Stefan and Lawrence, Carolin},
  booktitle={Proceedings of the 5th Workshop on Structured Prediction for NLP (SPNLP 2021)},
  pages={37--43},
  year={2021}
}

@article{tang2021model,
  title={Model Selection for Offline Reinforcement Learning: Practical Considerations for Healthcare Settings},
  author={Tang, Shengpu and Wiens, Jenna},
  journal={arXiv preprint arXiv:2107.11003},
  year={2021}
}

@article{liu2021offline,
  title={Offline reinforcement learning with uncertainty for treatment strategies in sepsis},
  author={Liu, Ran and Greenstein, Joseph L and Fackler, James C and Bergmann, Jules and Bembea, Melania M and Winslow, Raimond L},
  journal={arXiv preprint arXiv:2107.04491},
  year={2021}
}

@article{apostolopoulos2021personalization,
  title={Personalization for Web-based Services using Offline Reinforcement Learning},
  author={Apostolopoulos, Pavlos Athanasios and Wang, Zehui and Wang, Hanson and Zhou, Chad and Virochsiri, Kittipat and Zhou, Norm and Markov, Igor L},
  journal={arXiv preprint arXiv:2102.05612},
  year={2021}
}

@article{de2021discovering,
  title={Discovering an Aid Policy to Minimize Student Evasion Using Offline Reinforcement Learning},
  author={de Lima, Leandro M and Krohling, Renato A},
  journal={arXiv preprint arXiv:2104.10258},
  year={2021}
}

@article{zhan2021deepthermal,
  title={DeepThermal: Combustion Optimization for Thermal Power Generating Units Using Offline Reinforcement Learning},
  author={Zhan, Xianyuan and Xu, Haoran and Zhang, Yue and Huo, Yusen and Zhu, Xiangyu and Yin, Honglei and Zheng, Yu},
  journal={arXiv preprint arXiv:2102.11492},
  year={2021}
}

@article{sinha2021s4rl,
  title={S4RL: Surprisingly Simple Self-Supervision for Offline Reinforcement Learning},
  author={Sinha, Samarth and Garg, Animesh},
  journal={arXiv preprint arXiv:2103.06326},
  year={2021}
}

@inproceedings{ghasemipour2021emaq,
  title={Emaq: Expected-max q-learning operator for simple yet effective offline and online rl},
  author={Ghasemipour, Seyed Kamyar Seyed and Schuurmans, Dale and Gu, Shixiang Shane},
  booktitle={International Conference on Machine Learning},
  pages={3682--3691},
  year={2021},
  organization={PMLR}
}

@inproceedings{stooke2021decoupling,
  title={Decoupling representation learning from reinforcement learning},
  author={Stooke, Adam and Lee, Kimin and Abbeel, Pieter and Laskin, Michael},
  booktitle={International Conference on Machine Learning},
  pages={9870--9879},
  year={2021},
  organization={PMLR}
}

@article{sener2018multi,
  title={Multi-task learning as multi-objective optimization},
  author={Sener, Ozan and Koltun, Vladlen},
  journal={arXiv preprint arXiv:1810.04650},
  year={2018}
}

@inproceedings{Ziebart2008MaximumEI,
  title={Maximum Entropy Inverse Reinforcement Learning},
  author={Brian D. Ziebart and Andrew L. Maas and J. Bagnell and A. Dey},
  booktitle={AAAI},
  year={2008}
}

@article{gangwani2019learning,
      title={Learning Belief Representations for Imitation Learning in POMDPs}, 
      author={Tanmay Gangwani and Joel Lehman and Qiang Liu and Jian Peng},
      year={2020},
      journal = {Conference on Uncertainty in Artificial Intelligence}
}

@article{baram2016modelbased,
      title={Model-based Adversarial Imitation Learning}, 
      author={Nir Baram and Oron Anschel and Shie Mannor},
      year={2016},
      journal = {Conference on Neural Information Processing Systems}

}

@article{sun2021attention,
      title={Adversarial Inverse Reinforcement Learning with
Self-attention Dynamics Model}, 
      author={Jiankai Sun and Lantao Yu and Pinqian Dong and Bo Lu and Bolei Zhou},
      year={2021},
      journal = {IEEE Robotics and Automation Letters}

}


@article{gelada2019deepmdp,
      title={DeepMDP: Learning Continuous Latent Space Models for Representation Learning}, 
      author={Carles Gelada and Saurabh Kumar and Jacob Buckman and Ofir Nachum and Marc G. Bellemare},
      year={2019},
      journal = { International Conference on Machine Learning}

}

@article{hafner2020dream,
      title={Dream to Control: Learning Behaviors by Latent Imagination}, 
      author={Danijar Hafner and Timothy Lillicrap and Jimmy Ba and Mohammad Norouzi},
      year={2020},
      journal = {International Conference on Learning Representations},

}

@inproceedings{finn2016deep,
  title={Deep spatial autoencoders for visuomotor learning},
  author={Finn, Chelsea and Tan, Xin Yu and Duan, Yan and Darrell, Trevor and Levine, Sergey and Abbeel, Pieter},
  booktitle={2016 IEEE International Conference on Robotics and Automation (ICRA)},
  pages={512--519},
  year={2016},
  organization={IEEE}
}

@article{hafner2019learning,
      title={Learning Latent Dynamics for Planning from Pixels}, 
      author={Danijar Hafner and Timothy Lillicrap and Ian Fischer and Ruben Villegas and David Ha and Honglak Lee and James Davidson},
      year={2019},
      journal = { International Conference on Machine Learning}
}

@article{lee2020stochastic,
      title={Stochastic Latent Actor-Critic: Deep Reinforcement Learning with a Latent Variable Model}, 
      author={Alex X. Lee and Anusha Nagabandi and Pieter Abbeel and Sergey Levine},
      year={2020},
      journal = {Conference on Neural Information Processing Systems}
      }

@article{karl2017deep,
      title={Deep Variational Bayes Filters: Unsupervised Learning of State Space Models from Raw Data}, 
      author={Maximilian Karl and Maximilian Soelch and Justin Bayer and Patrick van der Smagt},
      year={2017},
      journal = { International Conference on Machine Learning}
}

@article{zhang2019solar,
      title={SOLAR: Deep Structured Representations for Model-Based Reinforcement Learning}, 
      author={Marvin Zhang and Sharad Vikram and Laura Smith and Pieter Abbeel and Matthew J. Johnson and Sergey Levine},
      year={2019},
      journal = { International Conference on Machine Learning}
}

@miarticlesc{watter2015embed,
      title={Embed to Control: A Locally Linear Latent Dynamics Model for Control from Raw Images}, 
      author={Manuel Watter and Jost Tobias Springenberg and Joschka Boedecker and Martin Riedmiller},
      year={2015},
      journal = {Conference on Neural Information Processing Systems}
}

@article{zolna2020taskrelevant,
      title={Task-Relevant Adversarial Imitation Learning}, 
      author={Konrad Zolna and Scott Reed and Alexander Novikov and Sergio Gomez Colmenarejo and David Budden and Serkan Cabi and Misha Denil and Nando de Freitas and Ziyu Wang},
      year={2020},
      journal = {Conference on Robot Learning},
}


@article{visual2018reed,
author = {Scott Reed and Yusuf Aytar and Ziyu Wang and Tom Paine and Aaron van den Oord and Tobias Pfaff and Sergio Gomez and Alexander Novikov and David Budden and Oriol Vinyals},
journal = {DeepMind Technical Report},
title = {Visual Imitation with a Minimal Adversary},
year = {2018}
}



@article{Hinton06,
author = {Hinton, Geoffrey E. and Osindero, Simon and Teh, Yee Whye},
journal = {Neural Computation},
pages = {1527--1554},
title = {A Fast Learning Algorithm for Deep Belief Nets},
volume = {18},
year = {2006}
}

@inproceedings{pomerleau1988alvinn,
  title={ALVINN: an autonomous land vehicle in a neural network},
  author={Pomerleau, Dean A},
  booktitle={Proceedings of the 1st International Conference on Neural Information Processing Systems},
  pages={305--313},
  year={1988}
}

@inproceedings{finn2016guided,
  title={Guided cost learning: Deep inverse optimal control via policy optimization},
  author={Finn, Chelsea and Levine, Sergey and Abbeel, Pieter},
  booktitle={International conference on machine learning},
  pages={49--58},
  year={2016},
  organization={PMLR}
}

@article{MGAIL2016Baram,
author = {Nir Baram and Oron Anschel and Shie Mannor},
journal = {Conference on Neural Information Processing Systems },
title = {Model-based Adversarial Imitation Learning},
year = {2016}
}

@article{CI2018Levine,
author = {Sergey Levine},
journal = {ArXiv Preprint},
title = {Reinforcement Learning and Control as Probabilistic Inference: Tutorial and Review},
year = {2018}
}


@article{SLAC20202Lee,
author = {Alex X. Lee and Anusha Nagabandi and Pieter Abbeel and Sergey Levine},
journal = {Conference on Neural Information Processing Systems},
title = {Stochastic Latent Actor-Critic: Deep Reinforcement
Learning with a Latent Variable Model},
year = {2020}
}

@article{PlanNet2019Hafner,
author = {Danijar Hafner and Timothy Lillicrap and Ian Fischer and Ruben Villegas and David Ha and Honglak Lee and James Davidson},
journal = {International Conference on Machine
Learning},
title = {Learning Latent Dynamics for Planning from Pixels},
year = {2019}
}


@article{Dreamer2020Hafner,
author = {Danijar Hafner and Timothy Lillicrap and Jimmy Ba and Mohammad Norouzi},
journal = {International Conference on Learning Representations},
title = {Dream to Control: Learning Behaviors by Latent Imagination},
year = {2020}
}



@article{VICEFu2018,
author = {Justin Fu and Avi Singh and Dibya Ghosh and Larry Yang and Sergey Levine},
journal = {Conference on Neural Information Processing Systems},
title = {Variational Inverse Control with Events: A General
Framework for Data-Driven Reward Definition},
year = {2018}
}

@article{AIRLFu2018,
author = {Justin Fu and Katie Luo and Sergey Levine},
journal = {International Conference on Learning Representations},
title = {Learning Robust Rewards with Adversarial Inverse Reinforcement Learning},
year = {2018}
}

@article{LS2019Muller,
author = {Rafael Müller and Simon Kornblith and Geoffrey Hinton},
journal = {Conference on Neural Information Processing Systems},
title = {When Does Label Smoothing Help?},
year = {2019}
}

@article{rafailov2020offline,
  title={Offline Reinforcement Learning from Images with Latent Space Models},
  author={Rafailov, Rafael and Yu, Tianhe and Rajeswaran, Aravind and Finn, Chelsea},
  journal={arXiv preprint arXiv:2012.11547},
  year={2020}
}

@article{ValueDICE2019Kostrikov,
author = {Ilya Kostrikov and Ofir Nachum and Jonathan Tompson},
journal = {International Conference on Learning Representations},
title = {Imitation Learning via Off-Policy Distribution Matching},
year = {2020}
}

@article{SQIL2020Reddy,
author = {Siddharth Reddy and Anca D. Dragan and Sergey Levine},
journal = {International Conference on Learning Representations},
title = {SQIL: Imitation Learning via Reinforcement Learning with Sparse Rewards},
year = {2020}
}


@article{SAM2019Blonde,
author = {Lionel Blondé and Alexandros Kalousis},
journal = {AISTATS},
title = {Sample-Efficient Imitation Learning via Generative Adversarial Nets
},
year = {2019}
}



@article{DAC2019Kostrikov,
author = {Ilya Kostrikov and Kumar Krishna Agrawal and Debidatta Dwibedi and Sergey Levine and Jonathan Tompson},
journal = {International Conference on Learning Representations},
title = {Discriminator-Actor-Critic: Addressing Sample Inefficiency and Reward Bias in Adversarial Imitation Learning},
year = {2019}
}

@article{Feedback2021Spencer,
author = {Jonathan Spencer and Sanjiban Choudhury and Arun Venkatraman and Brian Ziebart and J. Andrew Bagnell},
journal = {ArXiv Preprint},
title = {Feedback in Imitation Learning: The Three Regimes of Covariate Shift},
year = {2021}
}



@article{Dagger2011Ross,
author = {Stephane Ross and Geoffrey J. Gordon and J. Andrew Bagnell},
journal = {AISTATS},
title = {A Reduction of Imitation Learning and Structured Prediction to No-Regret Online Learning},
year = {2011}
}




@article{GAIL2016Ho,
author = {Jonathan Ho and Stefano Ermon},
journal = {Conference on Neural Information Processing Systems},
title = {Generative Adversarial Imitation Learning},
year = {2016}
}


@article{GAIL201Finn,
author = {Chelsea Finn and Paul Christiano and Pieter Abbeel and Sergey Levine},
journal = {ArXiv Preprint},
title = {A connection between generative adversarial
networks, inverse reinforcement learning, and energy-based models},
year = {2016}
}







@article{DIV2019Sayed,
author = {Seyed Kamyar Seyed Ghasemipour and Richard Zemel and Shixiang Gu},
journal = {Conference on Robot Learning},
title = {A Divergence Minimization Perspective on Imitation Learning Methods},
year = {2019}
}


@article{Ke2019ImitationLA,
  title={Imitation Learning as f-Divergence Minimization},
  author={Liyiming Ke and Matt Barnes and W. Sun and Gilwoo Lee and Sanjiban Choudhury and S. Srinivasa},
  journal={ArXiv},
  year={2019},
  volume={abs/1905.12888}
}






@misc{mnih2013playing,
      title={Playing Atari with Deep Reinforcement Learning}, 
      author={Volodymyr Mnih and Koray Kavukcuoglu and David Silver and Alex Graves and Ioannis Antonoglou and Daan Wierstra and Martin Riedmiller},
      year={2013},
      eprint={1312.5602},
      archivePrefix={arXiv},
      primaryClass={cs.LG}
}

@misc{tassa2018deepmind,
      title={DeepMind Control Suite}, 
      author={Yuval Tassa and Yotam Doron and Alistair Muldal and Tom Erez and Yazhe Li and Diego de Las Casas and David Budden and Abbas Abdolmaleki and Josh Merel and Andrew Lefrancq and Timothy Lillicrap and Martin Riedmiller},
      year={2018},
      eprint={1801.00690},
      archivePrefix={arXiv},
      primaryClass={cs.AI}
}



@INPROCEEDINGS{Rajeswaran-RSS-18,
    AUTHOR    = {Aravind Rajeswaran AND Vikash Kumar AND Abhishek Gupta AND
                 Giulia Vezzani AND John Schulman AND Emanuel Todorov AND Sergey Levine},
    TITLE     = "{Learning Complex Dexterous Manipulation with Deep Reinforcement Learning and Demonstrations}",
    BOOKTITLE = {Proceedings of Robotics: Science and Systems (RSS)},
    YEAR      = {2018},
}


@inproceedings{RajeswaranGameMBRL,
	title        = {{A Game Theoretic Framework for Model-Based Reinforcement Learning}},
	author       = {Aravind Rajeswaran AND Igor Mordatch AND Vikash Kumar},
	year         = 2020,
	booktitle    = {{ICML}},
}


@article{pddm2019Nagabandi,
author = {Anusha Nagabandi and Kurt Konolige and Sergey Levine and Vikash Kumar},
journal = {Conference on Robot Learning},
title = {Deep Dynamics Models
for Learning Dexterous Manipulation},
year = {2019}
}


@misc{blonde2020lipschitzness,
      title={Lipschitzness Is All You Need To Tame Off-policy Generative Adversarial Imitation Learning}, 
      author={Lionel Blondé and Pablo Strasser and Alexandros Kalousis},
      year={2020},
      eprint={2006.16785},
      archivePrefix={arXiv},
      primaryClass={cs.LG}
}

@book{goodfellow2016deep,
title={Deep learning},
author={Goodfellow, Ian and Bengio, Yoshua and Courville, Aaron and Bengio, Yoshua},
volume={1},
year={2016},
publisher={MIT Press}
}

@misc{gelada2019deepmdp,
      title={DeepMDP: Learning Continuous Latent Space Models for Representation Learning}, 
      author={Carles Gelada and Saurabh Kumar and Jacob Buckman and Ofir Nachum and Marc G. Bellemare},
journal = {International conference on machine learning},
title = {DeepMDP: Learning Continuous Latent Space Models for Representation Learning},
year = {2019}
}

@article{Amodei2016ConcretePI,
  title={Concrete Problems in AI Safety},
  author={Dario Amodei and Chris Olah and J. Steinhardt and Paul F. Christiano and John Schulman and Dan Man{\'e}},
  journal={ArXiv},
  year={2016},
  volume={abs/1606.06565},
}

@article{Everitt2019RewardTP,
  title={Reward Tampering Problems and Solutions in Reinforcement Learning: A Causal Influence Diagram Perspective},
  author={Tom Everitt and Marcus Hutter},
  journal={ArXiv},
  year={2019},
  volume={abs/1908.04734}
}

@inproceedings{Goodfellow2014GenerativeAN,
  title={Generative Adversarial Nets},
  author={Ian J. Goodfellow and Jean Pouget-Abadie and M. Mirza and Bing Xu and David Warde-Farley and Sherjil Ozair and Aaron C. Courville and Yoshua Bengio},
  booktitle={NIPS},
  year={2014}
}

@inproceedings{Ziebart2008MaximumEI,
  title={Maximum Entropy Inverse Reinforcement Learning},
  author={Brian D. Ziebart and Andrew L. Maas and J. Bagnell and A. Dey},
  booktitle={AAAI},
  year={2008}
}

@article{Portelas2020AutomaticCL,
  title={Automatic Curriculum Learning For Deep RL: A Short Survey},
  author={R{\'e}my Portelas and C{\'e}dric Colas and Lilian Weng and Katja Hofmann and Pierre-Yves Oudeyer},
  journal={ArXiv},
  year={2020},
  volume={abs/2003.04664}
}

@article{Khetarpal2020TowardsCR,
  title={Towards Continual Reinforcement Learning: A Review and Perspectives},
  author={Khimya Khetarpal and Matthew Riemer and I. Rish and Doina Precup},
  journal={ArXiv},
  year={2020},
  volume={abs/2012.13490}
}

@inproceedings{Lowe2017MultiAgentAF,
  title={Multi-Agent Actor-Critic for Mixed Cooperative-Competitive Environments},
  author={Ryan Lowe and Yi Wu and Aviv Tamar and Jean Harb and P. Abbeel and Igor Mordatch},
  booktitle={NIPS},
  year={2017}
}

@article{Blei2016VariationalIA,
  title={Variational Inference: A Review for Statisticians},
  author={David M. Blei and A. Kucukelbir and Jon D. McAuliffe},
  journal={Journal of the American Statistical Association},
  year={2016},
  volume={112},
  pages={859 - 877}
}

@article{eysenbach2020c,
  title={C-Learning: Learning to Achieve Goals via Recursive Classification},
  author={Eysenbach, Benjamin and Salakhutdinov, Ruslan and Levine, Sergey},
  journal={arXiv preprint arXiv:2011.08909},
  year={2020}
}

@inproceedings{zeng2018learning,
  title={Learning synergies between pushing and grasping with self-supervised deep reinforcement learning},
  author={Zeng, Andy and Song, Shuran and Welker, Stefan and Lee, Johnny and Rodriguez, Alberto and Funkhouser, Thomas},
  booktitle={2018 IEEE/RSJ International Conference on Intelligent Robots and Systems (IROS)},
  pages={4238--4245},
  year={2018},
  organization={IEEE}
}

@article{andrychowicz2020learning,
  title={Learning dexterous in-hand manipulation},
  author={Andrychowicz, OpenAI: Marcin and Baker, Bowen and Chociej, Maciek and Jozefowicz, Rafal and McGrew, Bob and Pachocki, Jakub and Petron, Arthur and Plappert, Matthias and Powell, Glenn and Ray, Alex and others},
  journal={The International Journal of Robotics Research},
  volume={39},
  number={1},
  pages={3--20},
  year={2020},
  publisher={SAGE Publications Sage UK: London, England}
}

@inproceedings{van2015learning,
  title={Learning robot in-hand manipulation with tactile features},
  author={Van Hoof, Herke and Hermans, Tucker and Neumann, Gerhard and Peters, Jan},
  booktitle={2015 IEEE-RAS 15th International Conference on Humanoid Robots (Humanoids)},
  pages={121--127},
  year={2015},
  organization={IEEE}
}

@article{rajeswaran2017learning,
  title={Learning complex dexterous manipulation with deep reinforcement learning and demonstrations},
  author={Rajeswaran, Aravind and Kumar, Vikash and Gupta, Abhishek and Vezzani, Giulia and Schulman, John and Todorov, Emanuel and Levine, Sergey},
  journal={arXiv preprint arXiv:1709.10087},
  year={2017}
}

@article{kumar2016learning,
  title={Learning dexterous manipulation policies from experience and imitation},
  author={Kumar, Vikash and Gupta, Abhishek and Todorov, Emanuel and Levine, Sergey},
  journal={arXiv preprint arXiv:1611.05095},
  year={2016}
}

@inproceedings{schenck2017visual,
  title={Visual closed-loop control for pouring liquids},
  author={Schenck, Connor and Fox, Dieter},
  booktitle={2017 IEEE International Conference on Robotics and Automation (ICRA)},
  pages={2629--2636},
  year={2017},
  organization={IEEE}
}

@inproceedings{yahya2017collective,
  title={Collective robot reinforcement learning with distributed asynchronous guided policy search},
  author={Yahya, Ali and Li, Adrian and Kalakrishnan, Mrinal and Chebotar, Yevgen and Levine, Sergey},
  booktitle={2017 IEEE/RSJ International Conference on Intelligent Robots and Systems (IROS)},
  pages={79--86},
  year={2017},
  organization={IEEE}
}

@inproceedings{matas2018sim,
  title={Sim-to-real reinforcement learning for deformable object manipulation},
  author={Matas, Jan and James, Stephen and Davison, Andrew J},
  booktitle={Conference on Robot Learning},
  pages={734--743},
  year={2018},
  organization={PMLR}
}

@article{singh2019end,
  title={End-to-end robotic reinforcement learning without reward engineering},
  author={Singh, Avi and Yang, Larry and Hartikainen, Kristian and Finn, Chelsea and Levine, Sergey},
  journal={arXiv preprint arXiv:1904.07854},
  year={2019}
}

@article{julian2020efficient,
  title={Efficient Adaptation for End-to-End Vision-Based Robotic Manipulation},
  author={Julian, Ryan and Swanson, Benjamin and Sukhatme, Gaurav S and Levine, Sergey and Finn, Chelsea and Hausman, Karol},
  journal={arXiv preprint arXiv:2004.10190},
  year={2020}
}

@article{cabi2019framework,
  title={A framework for data-driven robotics},
  author={Cabi, Serkan and Colmenarejo, Sergio G{\'o}mez and Novikov, Alexander and Konyushkova, Ksenia and Reed, Scott and Jeong, Rae and Zo{\l}na, Konrad and Aytar, Yusuf and Budden, David and Vecerik, Mel and others},
  journal={arXiv preprint arXiv:1909.12200},
  year={2019}
}

@inproceedings{kappler2015leveraging,
  title={Leveraging big data for grasp planning},
  author={Kappler, Daniel and Bohg, Jeannette and Schaal, Stefan},
  booktitle={2015 IEEE International Conference on Robotics and Automation (ICRA)},
  pages={4304--4311},
  year={2015},
  organization={IEEE}
}

@inproceedings{pinto2016supersizing,
  title={Supersizing self-supervision: Learning to grasp from 50k tries and 700 robot hours},
  author={Pinto, Lerrel and Gupta, Abhinav},
  booktitle={2016 IEEE international conference on robotics and automation (ICRA)},
  pages={3406--3413},
  year={2016},
  organization={IEEE}
}

@article{levine2018learning,
  title={Learning hand-eye coordination for robotic grasping with deep learning and large-scale data collection},
  author={Levine, Sergey and Pastor, Peter and Krizhevsky, Alex and Ibarz, Julian and Quillen, Deirdre},
  journal={The International Journal of Robotics Research},
  volume={37},
  number={4-5},
  pages={421--436},
  year={2018},
  publisher={SAGE Publications Sage UK: London, England}
}

@article{gupta2018robot,
  title={Robot learning in homes: Improving generalization and reducing dataset bias},
  author={Gupta, Abhinav and Murali, Adithyavairavan and Gandhi, Dhiraj and Pinto, Lerrel},
  journal={arXiv preprint arXiv:1807.07049},
  year={2018}
}

@inproceedings{finn2017deep,
  title={Deep visual foresight for planning robot motion},
  author={Finn, Chelsea and Levine, Sergey},
  booktitle={2017 IEEE International Conference on Robotics and Automation (ICRA)},
  pages={2786--2793},
  year={2017},
  organization={IEEE}
}

@article{ebert2018visual,
  title={Visual foresight: Model-based deep reinforcement learning for vision-based robotic control},
  author={Ebert, Frederik and Finn, Chelsea and Dasari, Sudeep and Xie, Annie and Lee, Alex and Levine, Sergey},
  journal={arXiv preprint arXiv:1812.00568},
  year={2018}
}


@article{mandlekar2020learning,
  title={Learning to generalize across long-horizon tasks from human demonstrations},
  author={Mandlekar, Ajay and Xu, Danfei and Mart{\'\i}n-Mart{\'\i}n, Roberto and Savarese, Silvio and Fei-Fei, Li},
  journal={arXiv preprint arXiv:2003.06085},
  year={2020}
}

@article{torabi2018generative,
  title={Generative adversarial imitation from observation},
  author={Torabi, Faraz and Warnell, Garrett and Stone, Peter},
  journal={arXiv preprint arXiv:1807.06158},
  year={2018}
}

@article{cabi2019scaling,
  title={Scaling data-driven robotics with reward sketching and batch reinforcement learning},
  author={Cabi, Serkan and Colmenarejo, Sergio G{\'o}mez and Novikov, Alexander and Konyushkova, Ksenia and Reed, Scott and Jeong, Rae and Zolna, Konrad and Aytar, Yusuf and Budden, David and Vecerik, Mel and others},
  journal={arXiv preprint arXiv:1909.12200},
  year={2019}
}

@article{zolna2020offline,
  title={Offline Learning from Demonstrations and Unlabeled Experience},
  author={Zolna, Konrad and Novikov, Alexander and Konyushkova, Ksenia and Gulcehre, Caglar and Wang, Ziyu and Aytar, Yusuf and Denil, Misha and de Freitas, Nando and Reed, Scott},
  journal={arXiv preprint arXiv:2011.13885},
  year={2020}
}

@article{zhu2020ingredients,
  title={The ingredients of real-world robotic reinforcement learning},
  author={Zhu, Henry and Yu, Justin and Gupta, Abhishek and Shah, Dhruv and Hartikainen, Kristian and Singh, Avi and Kumar, Vikash and Levine, Sergey},
  journal={arXiv preprint arXiv:2004.12570},
  year={2020}
}

@inproceedings{ng2000irl,
 author={Ng, Andrew Y. and Russell, Stuart J.},
 title={Algorithms for Inverse Reinforcement Learning},
 booktitle={Proceedings of the Seventeenth International Conference on Machine Learning},
 series={ICML '00},
 year={2000}
} 

@inproceedings{ratliff2006,
 author = {Ratliff, Nathan D. and Bagnell, J. Andrew and Zinkevich, Martin A.},
 title = {Maximum Margin Planning},
 booktitle = {Proceedings of the 23rd International Conference on Machine Learning},
 series = {ICML '06},
 year = {2006}
} 

@inproceedings{ramachandran2007bayesianirl,
 author = {Ramachandran, Deepak and Amir, Eyal},
 title = {Bayesian Inverse Reinforcement Learning},
 booktitle = {Proceedings of the 20th International Joint Conference on Artifical Intelligence},
 series = {IJCAI'07},
 year = {2007}
} 

@inproceedings{ziebart2008maximum,
  title={Maximum entropy inverse reinforcement learning.},
  author={Ziebart, Brian D and Maas, Andrew L and Bagnell, J Andrew and Dey, Anind K},
  booktitle={Aaai},
  volume={8},
  pages={1433--1438},
  year={2008},
  organization={Chicago, IL, USA}
}

@INPROCEEDINGS{abbeel2004apprenticeship,
    author = "Abbeel, Pieter and Ng, Andrew Y",
    title = "Apprenticeship learning via inverse reinforcement learning",
    booktitle = "Proceedings of the twenty-first international conference on Machine learning",
    pages = "1",
    institution = "ACM",
    year = "2004"
}

@inproceedings{jin2021pessimism,
  title={Is Pessimism Provably Efficient for Offline RL?},
  author={Jin, Ying and Yang, Zhuoran and Wang, Zhaoran},
  booktitle={International Conference on Machine Learning},
  pages={5084--5096},
  year={2021},
  organization={PMLR}
}

@article{rashidinejad2021bridging,
  title={Bridging offline reinforcement learning and imitation learning: A tale of pessimism},
  author={Rashidinejad, Paria and Zhu, Banghua and Ma, Cong and Jiao, Jiantao and Russell, Stuart},
  journal={arXiv preprint arXiv:2103.12021},
  year={2021}
}

@inproceedings{duan2020minimax,
  title={Minimax-optimal off-policy evaluation with linear function approximation},
  author={Duan, Yaqi and Jia, Zeyu and Wang, Mengdi},
  booktitle={International Conference on Machine Learning},
  pages={2701--2709},
  year={2020},
  organization={PMLR}
}

@article{yang2021trail,
  title={TRAIL: Near-Optimal Imitation Learning with Suboptimal Data},
  author={Yang, Mengjiao and Levine, Sergey and Nachum, Ofir},
  journal={arXiv preprint arXiv:2110.14770},
  year={2021}
}


@inproceedings{mitchell2021offline,
  title={Offline meta-reinforcement learning with advantage weighting},
  author={Mitchell, Eric and Rafailov, Rafael and Peng, Xue Bin and Levine, Sergey and Finn, Chelsea},
  booktitle={International Conference on Machine Learning},
  pages={7780--7791},
  year={2021},
  organization={PMLR}
}

@article{dorfman2021offline,
  title={Offline Meta Reinforcement Learning--Identifiability Challenges and Effective Data Collection Strategies},
  author={Dorfman, Ron and Shenfeld, Idan and Tamar, Aviv},
  journal={Advances in Neural Information Processing Systems},
  volume={34},
  year={2021}
}

@article{laskin2020reinforcement,
  title={Reinforcement Learning with Augmented Data},
  author={Laskin, Michael and Lee, Kimin and Stooke, Adam and Pinto, Lerrel and Abbeel, Pieter and Srinivas, Aravind},
  journal={arXiv preprint arXiv:2004.14990},
  year={2020}
}

@article{srinivas2020curl,
  title={Curl: Contrastive unsupervised representations for reinforcement learning},
  author={Srinivas, Aravind and Laskin, Michael and Abbeel, Pieter},
  journal={arXiv preprint arXiv:2004.04136},
  year={2020}
}

@article{yarats2019improving,
  title={Improving sample efficiency in model-free reinforcement learning from images},
  author={Yarats, Denis and Zhang, Amy and Kostrikov, Ilya and Amos, Brandon and Pineau, Joelle and Fergus, Rob},
  journal={arXiv preprint arXiv:1910.01741},
  year={2019}
}

@article{Blei2016VariationalIA,
  title={Variational Inference: A Review for Statisticians},
  author={D. Blei and A. Kucukelbir and J. McAuliffe},
  journal={Journal of the American Statistical Association},
  year={2016},
  volume={112},
  pages={859 - 877}
}

@article{nair2022r3m,
  title={R3m: A universal visual representation for robot manipulation},
  author={Nair, Suraj and Rajeswaran, Aravind and Kumar, Vikash and Finn, Chelsea and Gupta, Abhinav},
  journal={arXiv preprint arXiv:2203.12601},
  year={2022}
}

@article{parisi2022unsurprising,
  title={The unsurprising effectiveness of pre-trained vision models for control},
  author={Parisi, Simone and Rajeswaran, Aravind and Purushwalkam, Senthil and Gupta, Abhinav},
  journal={arXiv preprint arXiv:2203.03580},
  year={2022}
}

@article{xiao2022masked,
  title={Masked visual pre-training for motor control},
  author={Xiao, Tete and Radosavovic, Ilija and Darrell, Trevor and Malik, Jitendra},
  journal={arXiv preprint arXiv:2203.06173},
}

@inproceedings{tan2019efficientnet,
  title={Efficientnet: Rethinking model scaling for convolutional neural networks},
  author={Tan, Mingxing and Le, Quoc},
  booktitle={International conference on machine learning},
  pages={6105--6114},
  year={2019},
  organization={PMLR}
}

@article{castro2018dopamine,
  title={Dopamine: A research framework for deep reinforcement learning},
  author={Castro, Pablo Samuel and Moitra, Subhodeep and Gelada, Carles and Kumar, Saurabh and Bellemare, Marc G},
  journal={arXiv preprint arXiv:1812.06110},
  year={2018}
}