@string{JMLR = "Journal of Machine Learning Research"}
%@string{JMLR = "JMRL"}

@string{BMVC = "BMVC"}

@string{PAMI = "PAMI"}
@string{PAMI = "IEEE Trans. on Pattern Analysis and Machine Intelligence"}

@string{TPAMI = "PAMI"}
@string{TPAMI = "IEEE Trans. on Pattern Analysis and Machine Intelligence"}

@string{CVIU = "Computer Vision and Image Understanding"}
@string{CVIU = "CVIU"}

@string{WACV = "WACV"}
@string{WACV = "IEEE Winter Conference on Applications of Computer Vision"}

@string{PR = "Pattern Recognition"}
@string{PR = "PR"}

@string{ICCV = "ICCV"}
@string{ICCV = "International Conference on Computer Vision"}

@string{CVPR = "CVPR"}
@string{CVPR = "IEEE Conference on Computer Vision and Pattern Recognition"}

@string{IJCV = "IJCV"}
@string{IJCV = "International Journal of Computer Vision"}

@string{ICML = "ICML"}
@string{ICML = "International Conference on Machine Learning"}

@string{ECCV = "ECCV"}
@string{ECCV = "European Conference on Computer Vision"}

@string{ACCV = "ACCV"}

@string{NIPS = "NIPS"}
@string{NIPS = "Advances in Neural Information Processing Systems"}

@book{palmer1999vision,
  title={Vision science: Photons to phenomenology},
  author={Palmer, Stephen E},
  year={1999},
  publisher={MIT press Cambridge, MA}
}

@book{Hoiem:book,
  title={Representations and techniques for 3D object recognition and scene interpretation},
  author={Hoiem, D. and Savarese, S.},
  year={2011},
  publisher={Morgan \& Claypool Publishers}
}

@article{burton45, 
author = {Harry Edwin Burton}, 
journal = {J. Opt. Soc. Am.}, 
title = {The Optics of Euclid},
year = {1945}
}

@article{hoiem2008putting,
  title={Putting objects in perspective},
  author={Hoiem, Derek and Efros, Alexei A and Hebert, Martial},
  journal=IJCV,
  year={2008}
}

@inproceedings{gupta2010blocks,
  title={Blocks world revisited: Image understanding using qualitative geometry and mechanics},
  author={Gupta, Abhinav and Efros, Alexei A and Hebert, Martial},
  booktitle=ECCV,
  year={2010}
}

@article{zia2013detailed,
  title={Detailed 3d representations for object recognition and modeling},
  author={Zia, M Zeeshan and Stark, Michael and Schiele, Bernt and Schindler, Konrad},
  journal=TPAMI,
  year={2013}
}

@inproceedings{lalonde2007photo,
  title={Photo clip art},
  author={Lalonde, Jean-Fran{\c{c}}ois and Hoiem, Derek and Efros, Alexei A and Rother, Carsten and Winn, John and Criminisi, Antonio},
  booktitle={ACM Transactions on Graphics (TOG)},
  year={2007}
}

@inproceedings{russell2009building,
  title={Building a database of 3d scenes from user annotations},
  author={Russell, Bryan C and Torralba, Antonio},
  booktitle= CVPR,
  year={2009}
}

@Book{Hartley2004,
  title={Multiple view geometry in computer vision},
  author={Hartley, Richard and Zisserman, Andrew},
  year={2003},
  publisher={Cambridge university press}
}

@book{shipley2001fragments,
  title={From fragments to objects: Segmentation and grouping in vision},
  author={Shipley, Thomas F and Kellman, Philip J},
  volume={130},
  year={2001},
  publisher={Elsevier}
}

@book{kanizsa1979organization,
  title={Organization in vision: Essays on Gestalt perception},
  author={Kanizsa, Gaetano},
  year={1979},
  publisher={Praeger Publishers}
}

@article{breckon2005amodal,
  title={Amodal volume completion: 3D visual completion},
  author={Breckon, Toby P and Fisher, Robert B},
  journal={Computer Vision and Image Understanding},
  year={2005}
}

@inproceedings{pascal3d,
  author = {Xiang, Yu and Mottaghi, Roozbeh and Savarese, Silvio},
  title = {Beyond PASCAL: A Benchmark for 3D Object Detection in the Wild},
  booktitle=WACV,
  year={2014}
}

@Article{simonyan2014very,
    author       = "Simonyan, K. and Zisserman, A.",
    title        = "Very Deep Convolutional Networks for Large-Scale Image Recognition",
    journal      = "CoRR",
    volume       = "abs/1409.1556",
    year         = "2014"
}

@inproceedings{Lecun1989,
        title = {Backpropagation applied to hand-written zip code recognition},
        booktitle = {Neural Computation},
        author = {Yang LeCun and B. Boser and J.S. Denker and D. Henderson and R. E. Howard and W. Hubbard and L. D. Jackel},
        year = {1989}
}

@article{neocognitron,
  author = {Fukushima, Kunihiko},
  journal = {Biological Cybernetics},
  title = {{N}eocognitron: {A} Self-Organizing Neural Network Model for a Mechanism of Pattern Recognition Unaffected by Shift in Position},
  year = {1980}
}


@inproceedings{ghiasi2014parsing,
  title={Parsing occluded people},
  author={Ghiasi, Golnaz and Yang, Yi and Ramanan, Deva and Fowlkes, Charless C},
  booktitle=CVPR,
  year={2014}
}

@InProceedings{xiang_cvpr15,
  author       = {Yu Xiang and Wongun Choi and Yuanqing Lin and Silvio Savarese},
  title        = {Data-Driven 3D Voxel Patterns for Object Category Recognition},
  booktitle    = CVPR,
  year         = {2015}
}

@inproceedings{zia2014cars,
  title={Are cars just 3D boxes? Jointly estimating the 3D shape of multiple objects},
  author={Zia, Muhammad Zeeshan and Stark, Michael and Schindler, Konrad},
  booktitle=CVPR,
  year={2014}
}

@article{zia2014towards,
  title={Towards Scene Understanding with Detailed 3D Object Representations},
  author={Zia, M Zeeshan and Stark, Michael and Schindler, Konrad},
  journal = IJCV,
  year={2014}
}

@ARTICLE{felzens_latent_pami10,
  author = {Pedro F. Felzenszwalb and Ross B. Girshick and David McAllester and
	Deva Ramanan},
  title = {Object Detection with Discriminatively Trained Part-Based Models},
  journal = PAMI,
  year = {2010}
}

@inproceedings{krizhevsky2012imagenet,
  title={Imagenet classification with deep convolutional neural networks},
  author={Krizhevsky, Alex and Sutskever, Ilya and Hinton, Geoffrey E},
  booktitle=NIPS,
  year={2012}
}

@inproceedings{girshick2013rich,
author = {Ross Girshick and
Jeff Donahue and
Trevor Darrell and
Jitendra Malik},
title = {Rich feature hierarchies for accurate
object detection and semantic segmentation},
booktitle = CVPR,
year = {2014}
} 


@article{ittelson1951size,
  title={Size as a cue to distance: Static localization},
  author={Ittelson, William H},
  journal={The American Journal of Psychology},
  year={1951}
}

@article{baird1963retinal,
  title={Retinal and assumed size cues as determinants of size and distance perception.},
  author={Baird, JC},
  journal={Journal of Experimental Psychology},
  year={1963}
}

@article{epstein1963influence,
  title={The influence of assumed size on apparent distance},
  author={Epstein, William},
  journal={The American Journal of Psychology},
  year={1963}
}

@article{konkle2011canonical,
  title={Canonical visual size for real-world objects.},
  author={Konkle, Talia and Oliva, Aude},
  journal={Journal of Experimental Psychology: human perception and performance},
  year={2011}
}

@inproceedings{imagenet_cvpr09,
        AUTHOR = {Deng, J. and Dong, W. and Socher, R. and Li, L.-J. and Li, K. and Fei-Fei, L.},
        TITLE = {ImageNet: A Large-Scale Hierarchical Image Database},
        BOOKTITLE = CVPR,
        YEAR = {2009}
        }
        
@article{zhang2000flexible,
  title={A flexible new technique for camera calibration},
  author={Zhang, Zhengyou},
  journal=TPAMI,
  year={2000}
}

@misc{pascal-voc-2012,
	author = "Everingham, M. and Van~Gool, L. and Williams, C. K. I. and Winn, J. and Zisserman, A.",
	title = "The {PASCAL} {V}isual {O}bject {C}lasses {C}hallenge 2012 {(VOC2012)} {R}esults",
	howpublished = "http://www.pascal-network.org/challenges/VOC/voc2012/workshop/index.html"
}

@incollection{triggs2000bundle,
  title={Bundle adjustment -- a modern synthesis},
  author={Triggs, Bill and McLauchlan, Philip F and Hartley, Richard I and Fitzgibbon, Andrew W},
  booktitle={Vision algorithms: theory and practice},
  year={2000},
  publisher={Springer}
}

@inproceedings{zhou2014learning,
  title={Learning deep features for scene recognition using places database},
  author={Zhou, Bolei and Lapedriza, Agata and Xiao, Jianxiong and Torralba, Antonio and Oliva, Aude},
  booktitle=NIPS,
  year={2014}
}

@article{wang1991camera,
  title={Camera calibration by vanishing lines for 3-D computer vision},
  author={Wang, Ling-Ling and Tsai, Wen-Hsiang},
  journal=TPAMI,
  year={1991}
}

@article{caprile1990using,
  title={Using vanishing points for camera calibration},
  author={Caprile, Bruno and Torre, Vincent},
  journal=IJCV,
  year={1990}
}
